4078 6126
445 527 473 580 11
494 527 615 590 ORDO‚
640 527 691 580 EX
710 527 800 582 COD.
823 527 947 582 BASIL.
969 528 1140 582 AMBROS.
1162 529 1271 582 SAEC.
1293 529 1358 582 XV.
1488 545 1537 596 125

368 800 425 848 11.
449 775 578 848 Oratio
592 784 703 872 super
714 777 915 872 populum:
937 776 1052 860 Deus
1070 776 1132 872 qui
1153 774 1342 871 discipulis
1366 777 1438 850 tuis
1458 777 1542 872 Spi-

262 901 367 974 ritum
395 919 562 976 sanctum
582 901 797 999 paraclitum
818 902 854 974 in
875 903 972 1000 ignis
996 902 1138 976 fervore
1157 902 1208 974 tui
1230 902 1366 975 amoris
1395 903 1539 976 mittere

259 1027 433 1124 dignatus
460 1053 519 1114 es;
540 1029 588 1102 da
607 1027 754 1125 populis
783 1029 855 1101 tuis
883 1027 918 1100 in
950 1029 1090 1102 unitate
1111 1028 1195 1102 fidei
1225 1054 1309 1102 esse
1339 1029 1538 1102 ferventes:

259 1169 298 1224 ut
326 1154 362 1225 in
391 1169 454 1227 tua
482 1179 630 1250 semper
656 1152 853 1227 dilectione
888 1169 1168 1249 permanentes,
1200 1170 1238 1228 et
1267 1154 1302 1227 in
1336 1153 1409 1227 fide
1443 1155 1539 1226 inve-

260 1281 405 1354 niantur
432 1278 583 1353 stabiles
611 1296 649 1352 et
677 1280 713 1352 in
743 1305 856 1377 opere
885 1280 1065 1354 efficaces
1587 1323 1601 1372 5

363 1406 457 1478 Alio
490 1407 628 1479 orolzo:
656 1403 692 1502 *l
727 1407 834 1480 Deus
866 1433 1065 1504 regnorum
1099 1410 1264 1482 omnium
1298 1407 1468 1490 salvator,
1503 1423 1542 1480 et

259 1531 443 1604 christiani
484 1547 671 1627 protector
707 1531 868 1628 imperii,
906 1531 955 1605 da
993 1557 1102 1605 servo
1137 1549 1202 1606 tuo
1242 1534 1289 1605 N.
1329 1533 1539 1629 imperatori

261 1674 386 1731 nostro
415 1656 640 1753 triumphum
666 1655 807 1729 virtutis
834 1656 992 1731 scienter
1018 1657 1206 1731 excolere:
1237 1658 1369 1756 utqui
1398 1674 1462 1731 tua
1491 1657 1541 1728 in·

260 1783 449 1856 stitutione
472 1782 627 1878 imperat
655 1807 802 1878 semper
829 1782 984 1855 tuitione
1004 1782 1215 1881 triumphet.
1248 1785 1318 1857 Per
1338 1783 1540 1856 Dominum

262 1925 437 1994 nostrum,
468 1924 537 1982 etc.
1573 1957 1604 1994 10

370 2059 426 2108 12.
439 2034 565 2107 Postea
579 2033 750 2107 ascendut
762 2059 857 2106 unus
870 2060 918 2106 ex
931 2035 1214 2118 subducendus,
1231 2036 1333 2132 legul
1344 2037 1522 2110 lectionem
1529 2068 1543 2110 .·

259 2162 444 2233 uersiculis
471 2187 554 2234 uero
581 2161 792 2244 decantato,
823 2186 919 2233 tereus
946 2188 993 2233 ex
1020 2162 1228 2234 draconibus
1261 2163 1432 2236 ascendut
1458 2165 1544 2260 pocl-

254 2287 386 2383 pt'lum,
417 2297 451 2358 et
475 2296 592 2359 contet
616 2287 801 2382 eprilolom
829 2312 910 2358 cum
940 2287 1126 2359 Dominus
1155 2287 1357 2373 vobiscum,
1388 2306 1457 2362 etc.
1475 2288 1511 2386 ²¹⁶)

372 2435 428 2505 13.
457 2413 616 2509 Cumque
634 2421 818 2486 coriletum
825 2412 954 2507 suerit
965 2413 1113 2508 epistola
1133 2423 1169 2485 ol
1186 2411 1357 2508 Alleluja,
1368 2414 1545 2510 procedat

261 2539 510 2610 serenuseinus
537 2563 608 2610 rex
628 2537 683 2609 od
700 2538 828 2620 altore,
856 2563 956 2632 genu
976 2535 1106 2636 flexo·
1132 2546 1167 2610 et
1192 2538 1245 2610 t'bz'
1258 2537 1332 2632 fiet
1359 2540 1477 2612 tenctzo
1505 2540 1543 2612 in
1573 2577 1603 2626 15

260 2665 372 2759 cupite
397 2689 459 2736 sou
490 2665 528 2735 iu
555 2665 683 2736 uertice
710 2661 754 2734 de
781 2663 855 2735 oleo
880 2663 1103 2745 exorcizato,
1127 2672 1201 2760 per
1220 2665 1452 2760 praedatum
1481 2664 1544 2738 o’o-

262 2791 398 2863 minum
426 2790 744 2887 arehiepiscopum.
776 2790 829 2861 Et
852 2799 995 2862 content
1021 2789 1144 2862 elerici
1167 2800 1268 2863 ont:
1295 2789 1465 2865 Dilexisti
1495 2792 1544 2864 iu-

263 2917 407 3002 stitiam,
429 2932 467 2990 et
494 2916 604 2990 odisti
634 2917 875 3014 iniquitatem,
907 2932 1104 3013 propterea
1132 2916 1237 2990 unxit
1265 2932 1302 2991 te
1332 2918 1451 3005 DeuS,
1473 2934 1542 2991 etc.

373 3070 429 3136 14.
461 3044 549 3116 Post
574 3043 659 3116 leuet
690 3044 858 3116 domiuus
889 3043 1178 3141 archiepiscopus
1211 3042 1310 3116 ditat
1340 3043 1434 3116 horte
1464 3071 1547 3117 ora·

267 3174 411 3244 tratrem:
1575 3210 1609 3245 20

372 3299 534 3372 Domine
559 3298 665 3370 Deus
684 3297 931 3393 omnipotens,
962 3295 1067 3368 cuius
1094 3311 1152 3367 est
1179 3295 1300 3368 omnis
1323 3308 1489 3390 potestas
1508 3310 1546 3367 et

266 3423 437 3521 dignitas,
469 3441 506 3498 te
525 3422 679 3520 supplici
709 3423 907 3496 devotione
926 3439 1039 3519 atque
1069 3419 1272 3494 humillima
1295 3445 1404 3516 prece
1432 3418 1545 3516 depo·

266 3549 410 3636 scimus,
441 3566 482 3622 ut
510 3549 593 3622 huic
623 3547 760 3622 famulo
789 3564 853 3621 tuo
883 3547 930 3621 ill.
961 3573 1179 3644 prosperum
1210 3547 1467 3643 imperatoriae
1494 3545 1545 3618 di·

265 3675 416 3770 gnitatis
443 3675 627 3749 concedas
645 3675 835 3748 ellectum:
866 3690 907 3747 ut
926 3675 962 3746 in
982 3691 1046 3747 tua
1073 3673 1316 3770 dispositione
1344 3673 1546 3745 constituto

265 3800 312 3874 ad
339 3800 545 3898 regendum
582 3799 774 3874 ecclesiam
807 3817 908 3874 tuam
938 3815 1119 3882 sanctam,
1152 3797 1239 3871 nihil
1272 3798 1306 3871 ei
1336 3798 1546 3895 praesentia
1576 3829 1607 3878 25

266 3926 432 4014 offitiant,
455 3928 576 4002 sutura
596 3926 682 4000 nihil
702 3927 900 4012 obsistant;
925 3926 1003 4010 sed,
1026 3925 1228 4021 inspirante
1249 3924 1364 3998 sancti
1385 3923 1545 4020 Spiritus

409 4217 462 4266 1-8.
490 4211 591 4266 Oratio
618 4215 703 4280 super
725 4214 908 4278 poputum...
939 4219 1078 4272 nostrum,
1108 4217 1178 4262 cte:
1205 4209 1288 4262 Miss.
1319 4208 1380 4261 Vic.
1410 4207 1496 4274 legit:
1517 4215 1545 4260 et

337 4293 453 4346 Missam
466 4293 504 4346 de
517 4293 624 4360 Spiritu
638 4301 737 4346 sancto
752 4310 814 4346 cum
828 4295 941 4346 collecto
955 4291 1036 4359 regis
1055 4289 1200 4344 uidelicet:
1221 4290 1300 4342 Deus
1316 4305 1470 4354 regnorum
1483 4304 1545 4340 om-

336 4374 426 4436 nium,
452 4383 506 4428 etc.
528 4405 562 4412 -
582 4391 625 4428 22.
652 4373 788 4440 supplici:
809 4389 886 4427 corr.
913 4389 952 4427 ex
977 4370 1203 4438 supplicantibus
1222 4386 1284 4422 cum
1304 4369 1387 4424 Miss.
1409 4369 1470 4422 Vic.

315 4658 361 4700 11.
376 4635 445 4699 Gel.
461 4642 523 4699 602
537 4639 639 4716 (124),
655 4639 739 4698 Men.
754 4657 805 4714 99,
821 4636 906 4697 Pam.
922 4653 995 4714 300.
1036 4630 1069 4713 ss)
1086 4632 1155 4695 Get.
1171 4652 1229 4713 731
1248 4627 1350 4716 (276),
1366 4632 1451 4693 Pam.
1467 4637 1541 4710 426,

266 4737 360 4798 Gerb.
388 4741 461 4815 276,
487 4736 589 4798 Leolr.
616 4735 702 4797 Miss
732 4754 802 4813 179.

314 4855 361 4898 12.
380 4832 412 4921 *l
432 4836 521 4896 Haec
536 4835 576 4897 ad
595 4834 689 4896 ritum
715 4834 831 4894 Missae
856 4831 1048 4893 Pontificalis
1071 4829 1301 4892 Ambrosianae
1322 4829 1489 4909 pertinent,
1514 4840 1545 4890 et

265 4935 566 5006 adhucservantur;
590 4934 661 4995 clu:
692 4933 831 4994 Cererem.
858 4931 1012 5002 Andros,
1037 4931 1086 4991 ed.
1115 4934 1207 5005 1619.
1234 4950 1305 5009 pag.
1337 4935 1396 4990 108
1415 4937 1446 4988 et
1468 4949 1543 5004 119;

266 5063 386 5104 necnon
410 5043 589 5114 Beroldum,
613 5041 688 5103 edit.
719 5047 811 5118 1894,
837 5061 908 5119 pag.
935 5059 977 5117 49
1000 5049 1031 5100 et
1050 5059 1114 5118 seq.

314 5161 361 5218 14.
387 5141 465 5202 Ord.
493 5141 585 5203 Rom.
616 5159 685 5218 153.
