4078 6126
526 551 560 602 94
782 536 985 590 APPENDlX
1005 537 1061 589 ΑΙ)
1081 534 1348 589 PONTIFlCALE
1367 535 1477 587 SAEC.
1501 533 1551 588 lX.

530 779 732 850 «dominica,
757 781 911 843 conticere
927 791 1108 860 praesumat
1125 805 1141 838 n
1161 792 1193 842 et
1216 800 1254 841 ex
1278 798 1399 842 canone
1415 777 1536 840 Concil.
1555 777 1809 859 Aquisgranensi

527 879 608 942 inlra
631 879 758 941 citandi.
786 879 871 941 Huic
895 879 1060 959 posteriori
1079 877 1268 941 institutioni
1287 877 1366 940 ratio
1382 876 1478 938 tribui
1503 877 1598 939 debet
1621 877 1809 940 varietatum

526 977 727 1059 liturgiarum
754 978 984 1039 Ambrosianae
1000 988 1031 1039 et
1056 979 1234 1049 Romanae;
1259 975 1419 1038 observari
1436 975 1521 1037 eninr
1539 987 1645 1056 potest
1669 975 1700 1038 in
1725 975 1812 1038 simi·

526 1077 610 1138 libus
638 1075 768 1157 liturgia
800 1087 906 1138 nostra
929 1098 948 1138 a
973 1077 1117 1138 Romana
1141 1075 1269 1138 differre
1292 1085 1414 1136 tantum
1441 1073 1473 1135 in
1500 1073 1567 1144 his,
1592 1095 1675 1155 quae
1706 1095 1811 1138 recen·

526 1175 625 1246 tioris,
650 1175 761 1238 saltem
786 1187 857 1254 post
880 1196 960 1237 saec.
987 1175 1026 1246 V,
1052 1185 1126 1236 sunt
1150 1173 1367 1236 institutionis.

572 1275 620 1335 Ex
637 1273 788 1336 Conciliis
804 1273 909 1336 adhuc
924 1273 1053 1336 adverte
1077 1273 1174 1354 quod,
1195 1271 1268 1334 licet
1288 1271 1493 1334 interdicatur
1516 1271 1710 1351 presbyteris
1730 1271 1812 1334 chri-

526 1372 635 1434 smatis
658 1371 847 1444 benedictio,
872 1383 977 1434 tamen
1001 1372 1043 1434 de
1062 1371 1225 1434 validitate
1248 1382 1410 1434 anteactae
1431 1370 1661 1432 benedictionis
1685 1369 1809 1432 nullum

526 1481 672 1533 movetur
687 1471 821 1532 dubium
838 1473 887 1548 (ut
904 1481 992 1532 notat
1014 1471 1189 1532 Catalanns
1213 1469 1244 1530 in
1267 1469 1386 1550 Pontis.
1411 1471 1513 1542 Rom,
1538 1491 1568 1549 p.
1596 1469 1652 1540 ΙΙΙ,
1677 1469 1725 1531 tit.
1753 1468 1809 1542 IV,

527 1571 546 1650 ξ
566 1569 623 1638 ΙΙΙ,
641 1590 671 1630 n.
689 1567 759 1653 Xl),
777 1580 808 1631 et
831 1568 977 1649 quamvis
999 1567 1172 1650 aliquando
1188 1569 1427 1630 commendetur
1444 1567 1610 1648 Episcopis
1630 1567 1811 1630 benedictio

526 1668 668 1730 oleorum
682 1668 980 1730 cathecumenorum
993 1678 1025 1728 et
1041 1666 1249 1738 infirmorum,
1264 1667 1351 1728 nulla
1364 1677 1468 1728 tamen
1485 1687 1619 1728 censura
1636 1667 1671 1729 lit
1682 1666 1811 1747 presby-

526 1766 601 1828 teris
617 1787 674 1848 pro
699 1765 904 1846 usurpatione
927 1765 1112 1846 hujusmodi
1129 1763 1360 1828 benedictionis
1376 1767 1414 1844 1).
1441 1765 1530 1828 Haec
1541 1765 1736 1828 advertenda
1758 1786 1812 1828 cu·

526 1865 607 1938 ravi,
639 1865 716 1946 quia
746 1864 871 1928 codices
899 1863 1028 1926 rituales
1052 1863 1211 1926 Ecclesiae
1243 1873 1386 1936 nostrae,
1419 1863 1570 1926 exhibent
1600 1863 1752 1926 formulas
1776 1863 1808 1924 in

525 1985 598 2026 casu
623 1963 818 2026 necessitatis
841 1983 899 2043 pro
922 1962 1143 2025 benedictione
1168 1961 1241 2034 olei,
1266 1974 1333 2025 tum
1358 1965 1403 2024 ad
1423 1963 1605 2043 uergendum
1630 1963 1809 2042 infirmum,

525 2073 593 2124 turn
617 2065 662 2124 ad
680 2063 931 2124 catechumenum
946 2061 1154 2141 sanandum:
1169 2072 1201 2124 et
1216 2061 1294 2123 haec
1310 2071 1469 2140 postrema
1486 2059 1602 2140 legitur
1619 2060 1650 2122 in
1669 2060 1738 2141 ipso
1757 2061 1810 2123 Ri-

526 2160 603 2224 tuali
620 2161 706 2224 edito
723 2182 772 2222 an.
795 2165 887 2239 1560,
905 2179 984 2222 aevo
1001 2159 1033 2220 S.
1052 2159 1157 2222 Caroli
1172 2180 1296 2240 semper
1312 2159 1457 2221 adhibito
1471 2162 1512 2238 2).
1532 2160 1604 2220 Non
1622 2170 1657 2222 ut
1674 2159 1705 2220 in
1723 2181 1812 2240 prae-

526 2259 606 2322 senti
631 2257 798 2339 disciplina
822 2279 936 2322 novam
960 2258 1067 2338 quoad
1092 2258 1254 2320 materiam
1280 2257 1417 2320 validam
1442 2268 1710 2320 sacramentorum
1739 2279 1811 2339 pro·

526 2359 623 2420 leram
648 2357 835 2420 sententiam
860 2358 937 2419 haec
953 2357 1070 2427 notavi,
1095 2357 1151 2419 sed
1168 2368 1203 2419 ut
1218 2357 1454 2436 suppeditarem
1479 2369 1667 2436 argumenta
1691 2358 1732 2419 ad
1749 2369 1811 2419 sta-

526 2457 677 2520 tuendam
701 2455 902 2519 concordiam
926 2454 1077 2535 antiquae
1093 2454 1279 2535 disciplinae
1295 2455 1456 2517 Ecclesiae
1472 2453 1720 2518 Mediolanensis
1735 2477 1809 2518 cum

527 2556 581 2617 illa
603 2555 737 2618 aliarum
761 2553 975 2617 ecclesiarum.
998 2553 1059 2614 His
1083 2553 1285 2632 praenotatis,
1311 2553 1370 2633 ipsi
1396 2554 1534 2616 Ordines
1557 2554 1748 2618 ambrosiani
1765 2567 1810 2617 at-

526 2655 613 2717 tendi
637 2654 763 2716 debent.

573 2751 756 2814 Benedictio
772 2750 832 2812 olei
850 2751 1059 2824 infirmorum,
1077 2771 1159 2830 quae
1174 2762 1280 2813 tamen
1298 2751 1329 2812 in
1349 2751 1361 2810 l
1380 2751 1503 2813 Ordine
1517 2772 1557 2814 ex
1575 2749 1694 2814 Missali
1716 2753 1809 2816 Heri·

527 2850 606 2912 berti
623 2851 721 2921 deest,
740 2849 772 2910 in
798 2848 827 2908 ΙΙ
853 2849 976 2912 Ordine
994 2849 1193 2920 Beroldiano,
1215 2849 1306 2912 sicuti
1325 2849 1356 2910 in
1375 2851 1530 2922 Romano,
1548 2850 1684 2913 eundern
1701 2851 1807 2914 locum

526 2948 649 3011 obtinet
672 2948 704 3009 in
729 2947 858 3010 Canone
878 2959 951 3010 ante
967 2950 1077 3012 verba:
1103 2949 1169 3010 Per
1190 2969 1281 3028 quem
1305 2949 1525 3016 haecomnia:
1551 2949 1628 3010 dum
1652 2962 1808 3022 econtra,

527 3047 606 3110 sacri
630 3045 808 3108 chrismatis
830 3057 861 3108 et
884 3045 945 3108 olei
970 3047 1267 3109 catechumenorum
1289 3045 1525 3110 benedictiones
1548 3057 1621 3109 ante
1645 3047 1808 3111 Canonem

599 3351 625 3416 1)
641 3350 691 3402 Ex
715 3350 796 3402 Conc.
817 3350 903 3403 Rom.
924 3365 971 3402 an.
983 3365 1044 3416 524,
1064 3364 1089 3402 c.
1112 3350 1147 3402 V.
1170 3349 1264 3402 Nemo
1283 3349 1431 3415 presbyter
1444 3348 1568 3402 chrisma
1587 3350 1718 3404 conficiat
1736 3367 1813 3418 quo-

527 3429 604 3483 niam
623 3429 753 3483 Christus
772 3447 789 3482 e
808 3429 961 3483 chrismate
981 3437 1107 3482 vocatur.

598 3511 649 3563 Ex
671 3511 753 3564 Conc.
773 3509 995 3577 Carthaginensi
1006 3509 1045 3562 ΙΙ
1053 3525 1100 3562 on·
1113 3525 1174 3575 390,
1195 3525 1258 3563 can.
1277 3509 1332 3562 Ill.
1347 3511 1369 3562 C
1373 3508 1516 3564 hrismatis
1529 3511 1669 3567 conlectio
1688 3521 1716 3566 et
1729 3511 1811 3578 puel-

527 3592 618 3644 larum
637 3591 813 3645 consecratio
831 3607 848 3644 a
867 3590 1039 3657 presbyteris
1058 3606 1117 3643 non
1136 3590 1194 3644 liat.

599 3673 650 3725 Ex
664 3672 746 3726 Cone.
763 3671 965 3738 Carthagineei
977 3671 1034 3723 Ill
1040 3687 1086 3724 un.
1096 3687 1156 3738 397,
1170 3687 1233 3725 can.
1246 3671 1384 3725 xxxvt.
1401 3673 1559 3739 Presbyter,
1574 3673 1736 3727 inconsulto
1747 3674 1811 3742 epi-

527 3769 616 3820 scopo
636 3752 760 3818 virgines
781 3769 837 3805 non
858 3761 1014 3814 consecret,
1035 3751 1159 3805 chrisma
1178 3767 1246 3806 vero
1265 3768 1424 3819 numquam
1443 3753 1584 3808 conficiat.

601 3834 649 3886 Ex
665 3833 747 3887 Cone.
768 3833 901 3886 Toletano
913 3833 934 3885 I
943 3849 989 3886 an.
1004 3849 1063 3898 400,
1076 3847 1139 3886 can.
1155 3832 1220 3886 XX.
1234 3833 1397 3898 «Quamvis
1411 3849 1485 3900 pene
1498 3834 1605 3901 ubique
1618 3835 1806 3894 custodiatur.

530 3936 542 3962 «
558 3923 588 3967 ut
607 3915 716 3980 absque
728 3913 864 3980 episcopo
877 3911 1000 3966 chrisma
1015 3927 1100 3966 nemo
1116 3911 1257 3974 conficiat,
1279 3921 1386 3972 tamen,
1401 3914 1469 3980 quia
1482 3914 1510 3968 in
1524 3915 1668 3982 aliquibus
1682 3915 1751 3969 locis
1764 3917 1810 3970 vel

530 4015 543 4044 a
559 3993 711 4061 provinciis
730 3992 885 4060 presbyteri
905 3991 1039 4047 dicuntur
1057 3991 1181 4046 chrisma
1200 3991 1349 4054 conficere,
1373 3993 1480 4061 placuit
1501 4011 1536 4048 ex
1557 3995 1610 4050 hac
1631 3994 1679 4048 die
1698 3996 1810 4050 nullum

530 4098 544 4124 a
557 4075 655 4136 alium,
677 4073 730 4127 nisi
749 4073 928 4140 episcopum,
949 4073 1072 4126 chrisma
1091 4073 1193 4132 lacere.
1214 4083 1242 4127 et
1261 4090 1313 4140 per
1331 4073 1486 4128 dioecesim
1506 4075 1690 4132 destinare.»

598 4157 650 4208 Ex
678 4155 759 4208 Cone.
780 4154 978 4208 Bracharensi
994 4154 1034 4207 II
1047 4170 1095 4208 urz.
1113 4157 1179 4221 565·
1206 4171 1231 4209 c.
1257 4154 1338 4208 XlX.
1355 4173 1369 4206 «
1386 4156 1508 4220 Placuit,
1534 4155 1642 4224 siquis
1663 4157 1812 4224 presbyter

529 4260 543 4286 a
557 4245 621 4304 post
635 4235 689 4290 hoc
703 4235 884 4289 interdictum
897 4251 984 4288 ausus
997 4234 1080 4288 luerit
1093 4235 1216 4289 chrisma
1228 4235 1407 4300 benedicere,
1422 4246 1471 4290 aut
1480 4237 1629 4291 ecclesiam
1640 4247 1668 4291 et
1678 4237 1810 4292 altarium

530 4343 542 4366 a
557 4333 732 4378 consecrare,
753 4333 770 4369 a
788 4333 842 4368 suo
860 4315 955 4370 officio
974 4314 1176 4382 deponatur.»
1193 4318 1227 4369 Et
1247 4315 1329 4370 novis
1349 4317 1555 4383 exurgentibus
1572 4319 1724 4372 abusibus:

598 4398 649 4451 Ex
672 4397 753 4450 Conc.
781 4395 985 4450 Wormalr‘cnsi
1003 4413 1049 4449 un.
1070 4399 1131 4458 868,
1146 4412 1171 4449 c.
1190 4396 1228 4450 ll.
1245 4395 1405 4450 «Chrisma
1424 4398 1565 4452 conficere
1585 4399 1681 4453 nullus
1700 4407 1812 4466 praeter

529 4477 724 4545 «episcopum
745 4485 917 4544 praesumat.
933 4496 948 4527 n

598 4561 729 4612 Canones
749 4573 906 4624 numquam
926 4557 963 4611 de
981 4557 1038 4611 olei
1058 4557 1329 4611 catechumenorum
1349 4559 1548 4614 benedictione
1567 4559 1604 4614 ab
1622 4561 1758 4628 episcopo
1771 4559 1812 4613 la-

528 4639 629 4693 cienda
655 4640 827 4706 loquuntur;
848 4655 898 4691 cur
919 4637 1046 4704 episcopi
1065 4637 1187 4692 eandem
1212 4655 1277 4692 cunr
1303 4654 1384 4694 sacro
1408 4640 1561 4694 chrismate
1582 4643 1643 4710 jam
1668 4643 1705 4694 ab
1729 4640 1811 4694 initio

529 4721 723 4787 peragebant?

600 4800 630 4854 Si
650 4807 877 4854 rememorentur
895 4799 964 4854 ritus
983 4798 1127 4853 solemnes
1140 4797 1318 4866 baptismatis
1334 4799 1519 4869 ipsorumque
1537 4803 1808 4857 catechumenorum

529 4879 663 4935 scrutinia
682 4879 875 4948 principaliter
888 4879 924 4933 ad
938 4880 1089 4947 episcopos
1105 4895 1219 4947 semper
1233 4879 1413 4947 pertinuisse,
1430 4882 1508 4936 nulla
1526 4883 1579 4936 erit
1598 4883 1764 4944 difficultas:
1781 4889 1809 4936 et

528 4962 645 5015 obvium
665 4960 718 5014 erit
736 4959 816 5027 quod
835 4959 983 5028 utriusque
1002 4960 1057 5014 olei
1073 4959 1237 5014 benedictio
1256 4977 1314 5014 una
1332 4961 1418 5015 simul
1438 4961 1517 5016 lieret
1536 4963 1573 5016 ab
1591 4963 1738 5032 episcopo,
1759 4961 1809 5030 qui

530 5051 684 5109 utrumque
703 5041 731 5094 in
751 5040 854 5094 eodem
873 5051 1052 5095 sacramento
1070 5041 1207 5096 adhibere
1226 5040 1361 5096 debebat.

602 5125 630 5192 2)
650 5124 717 5176 Post
736 5121 875 5174 Ordinem
891 5122 930 5184 Il,
945 5139 980 5175 ex
995 5121 1139 5176 Ecclesiae
1150 5121 1358 5175 Ambrosianae
1374 5123 1535 5178 Ritualibus
1554 5131 1808 5184 sacramentorum,

531 5203 683 5258 nonnullas
702 5201 838 5256 formulas
858 5202 958 5257 harum
978 5202 1211 5256 benedictionum
1230 5202 1315 5256 edere
1333 5205 1429 5257 curaui
1449 5205 1485 5258 ad
1505 5207 1705 5274 complendam
1726 5205 1810 5259 huius

530 5283 690 5352 argumenti
711 5281 851 5336 notitiam.
