4084 6128
921 503 1066 558 PONTIF
1070 504 1187 558 ICALE
1213 505 1323 558 SAEC.
1352 503 1403 558 lx.

635 775 690 846 17.
737 755 772 826 T
767 781 836 828 ena
868 765 927 828 eat
951 766 1033 827 ante
1060 756 1179 828 altare
1204 755 1360 828 canendo
1400 754 1636 851 antiphonam
1670 755 1798 830 atam:

523 880 687 954 lntroibo
715 879 763 955 ad
791 879 905 955 altare
936 882 1018 966 Dei,
1049 880 1096 954 ad
1128 881 1251 954 Deum
1279 882 1343 979 qui
1373 880 1544 956 laetificat
1573 881 1799 958 iuventutem

521 1031 656 1090 meam,
688 1032 767 1078 enm
788 1007 953 1102 psalma·
976 1005 1105 1102 Judica
1133 1031 1192 1080 me
1236 1007 1352 1080 Deus.

634 1136 690 1205 18.
728 1131 765 1204 T
761 1158 829 1204 nnc
843 1132 970 1229 faceat
1003 1132 1153 1205 maltam
1189 1131 1233 1204 de
1260 1132 1352 1204 ealce
1383 1142 1418 1204 et
1444 1131 1567 1226 tegula
1595 1157 1676 1206 enm
1703 1159 1799 1230 aqna

476 1284 490 1332 5
520 1257 708 1331 benedicta.
730 1255 766 1349 *l
1362 1253 1366 1261 ’

563 1396 565 1402 ’
634 1407 690 1473 19.
722 1384 774 1456 Et
793 1393 918 1481 postea
946 1384 1062 1480 ipsam
1095 1411 1230 1482 aquam
1265 1411 1357 1482 qnae
1387 1393 1549 1459 remanet
1572 1385 1720 1482 fnna'at
1751 1387 1807 1459 ad

519 1509 635 1583 basem
662 1510 815 1583 altaris:
841 1520 876 1583 et
901 1520 1125 1607 extergatur
1150 1513 1270 1585 altare
1297 1511 1340 1584 a'e
1366 1513 1484 1586 lintea.

628 1660 688 1709 ao.
720 1634 845 1708 Postea
873 1633 1009 1733 offerat
1034 1638 1224 1720 incensum,
1254 1647 1289 1709 et
1314 1639 1434 1712 mittat
1464 1639 1578 1712 alenm
1606 1648 1717 1735 snper
1745 1639 1802 1711 al-

518 1770 600 1834 tare
614 1759 650 1858 ⁴⁸)
680 1763 718 1834 in
754 1762 877 1844 medea,
910 1787 1047 1834 crucem
1064 1763 1226 1858 seems,
1258 1773 1292 1836 et
1316 1773 1428 1860 supa
1454 1774 1614 1860 qnatner
1644 1789 1797 1846 carrena,

460 1908 491 1944 10
518 1888 750 1984 antiphonam
778 1889 953 1962 canendo:
986 1889 1111 1962 Erexit
1135 1889 1247 1985 Jacob
1285 1887 1445 1986 lapidem
1474 1891 1509 1964 in
1539 1890 1684 1964 titulum
1718 1890 1801 1965 fun-

519 2011 637 2087 denso
656 2011 753 2086 leum
782 2014 952 2112 desuper,
976 2042 1056 2088 cnm
1068 2015 1228 2112 psalma:
1260 2016 1384 2110 Quam
1412 2016 1545 2091 dilecta
1564 2015 1800 2091 tabernacula

664 2289 688 2336 1.
709 2273 821 2326 basem:
843 2289 921 2326 corr.
950 2290 989 2328 ea·
1010 2275 1086 2327 base.
1107 2281 1139 2312 ·'-
1159 2277 1187 2327 et
1203 2277 1385 2342 extergatur,
1404 2283 1474 2328 ete:
1498 2273 1683 2341 «extergitur
1710 2275 1798 2330 altare

592 2369 684 2406 «cum
704 2352 820 2407 linteo»
843 2354 877 2407 E.
898 2383 932 2393 -
951 2353 1002 2407 de:
1024 2370 1041 2407 e
1060 2353 1229 2421 inscriptam
1247 2369 1273 2407 1.
1293 2369 1349 2408 ma.
1372 2354 1402 2407 in
1421 2353 1439 2408 i.
1463 2385 1494 2393 -
1514 2357 1541 2408 8.
1561 2357 1591 2408 et
1606 2355 1795 2418 mittat,etc.:

591 2453 606 2482 1
622 2431 709 2486 Mittit
733 2433 861 2500 pontifex
888 2433 985 2487 oleum
1011 2450 1098 2501 super
1122 2434 1225 2495 altare,
1256 2434 1284 2487 in
1314 2433 1410 2489 medio
1438 2433 1533 2489 altaris
1559 2449 1672 2488 crucem
1700 2451 1736 2489 ex
1762 2453 1798 2490 eo

591 2513 734 2570 «faciens
755 2523 783 2568 et
802 2530 888 2582 super
906 2523 1029 2584 quatuor
1048 2515 1169 2582 angulos
1189 2514 1325 2569 altaris.»
1348 2517 1382 2570 E.

522 2777 539 2808 «
555 2762 665 2833 petens
689 2763 724 2814 ut
747 2772 866 2824 omnes,
894 2753 949 2832 qui
977 2753 1110 2814 eandem
1135 2753 1266 2814 domum
1300 2753 1452 2816 orationis
1485 2752 1680 2824 intraverint,
1704 2774 1797 2818 exau-

522 2850 640 2912 «ditos
662 2870 696 2911 se
719 2850 910 2930 gaudeant...
936 2851 1102 2930 Completa
1125 2850 1304 2931 expiatione
1331 2851 1525 2913 convertitur
1549 2849 1698 2931 pontifex,
1723 2852 1798 2915 inci·

523 2971 539 3004 e
555 2948 645 3028 piens
675 2948 896 3029 antiphonam:
921 2949 1058 3010 Introiba
1080 2951 1125 3010 ad
1144 2951 1244 3010 altare
1266 2951 1340 3020 Dei,
1369 2970 1441 3012 cum
1466 2949 1598 3030 psalmo,
1630 2959 1661 3010 et
1693 2949 1797 3013 fundit

522 3071 539 3104 e
554 3067 637 3129 quae
660 3046 811 3109 remansit
832 3047 873 3108 de
895 3067 978 3127 aqua
1001 3046 1230 3128 purificationis
1244 3047 1285 3110 ad
1309 3049 1415 3110 basem
1439 3048 1555 3110 altaris.
1574 3073 1591 3106 s

567 3145 707 3225 17.ord.
723 3147 817 3208 Rom.
838 3166 907 3225 145,
926 3147 1009 3208 Mur.
1027 3166 1101 3226 479,
1119 3146 1214 3209 Gerb.
1226 3155 1280 3232 48,
1293 3148 1377 3208 Men.
1396 3167 1466 3226 149,
1481 3148 1573 3210 Mart.
1588 3147 1666 3212 Ord.
1683 3149 1794 3222 11,111.

568 3253 615 3308 18.
641 3245 719 3308 Ord.
746 3246 838 3306 Rom.
864 3244 905 3306 ib.
932 3246 1014 3307 Mur.
1039 3264 1113 3325 479.
1160 3242 1291 3324 *)Cum
1323 3245 1364 3307 sit
1386 3245 1568 3309 adhibenda
1591 3267 1674 3327 aqua
1704 3249 1796 3310 bene-

516 3344 611 3415 dicta,
636 3342 778 3405 facienda
800 3354 848 3404 est
871 3342 967 3404 malta
989 3354 1158 3423 antequam
1182 3343 1249 3424 ipsa
1273 3343 1312 3404 ad
1338 3343 1444 3405 basem
1468 3345 1576 3406 altaris
1599 3345 1794 3420 effundatur;

515 3457 547 3504 et
569 3427 746 3521 compactio
778 3441 892 3502 maltae
923 3461 986 3503 non
1017 3452 1065 3503 est
1087 3440 1278 3512 differenda,
1304 3441 1394 3503 utin
1425 3441 1586 3522 aliquibus
1616 3443 1794 3507 Ordinibus

515 3541 545 3602 le
569 3541 640 3602 itur.

545 3560 613 3708 g19.
639 3630 717 3693 Ord.
737 3633 829 3696 Rom.
847 3633 889 3696 ib.
908 3631 993 3693 Men.
1016 3650 1086 3707 149,
1105 3631 1187 3692 Mur.
1206 3649 1280 3708 479,
1298 3629 1372 3692 Ger.
1391 3637 1442 3708 48,
1464 3630 1557 3693 Mart.
1575 3632 1653 3694 Ord.
1675 3632 1715 3704 ΙΙ,
1734 3633 1791 3697 ΙΙΙ.

563 3749 611 3792 20.
636 3729 714 3791 Ord.
741 3731 833 3794 Rom.
859 3731 900 3792 ib.
926 3728 1022 3790 Gerb.
1036 3735 1088 3805 48,
1104 3729 1188 3790 Men.
1208 3748 1277 3806 149·
1298 3729 1372 3789 Mur
1384 3735 1457 3806 482,
1473 3728 1565 3791 Mart.
1580 3729 1658 3792 Ord.
1674 3730 1714 3802 ΙΙ,
1734 3730 1791 3794 ΙΙΙ.

515 3825 548 3906 *)
573 3829 620 3888 Ex
643 3813 797 3908 superiori
826 3827 959 3898 rubrica,
985 3847 1015 3886 n.
1053 3847 1101 3918 1ο,
1134 3847 1206 3887 cum
1233 3825 1395 3888 nonnullis
1424 3826 1657 3907 antiquioribus
1689 3829 1793 3892 Ponti-

516 3924 667 3996 ficalibus,
694 3937 729 3986 ut
756 3925 810 3988 illo
840 3924 972 4006 Egberti
1001 3923 1209 3986 Eboracensis
1232 3923 1470 4004 archiepiscopi,
1495 3936 1526 3986 et
1554 3925 1623 4006 ipso
1652 3927 1790 3990 Sacram.

515 4023 611 4104 Greg.
630 4024 729 4100 (Men.
751 4029 826 4103 148)
849 4034 985 4105 quatuor
1008 4035 1131 4084 tantum
1156 4034 1230 4084 sunt
1247 4021 1408 4084 faciendae
1423 4043 1532 4084 cruces
1556 4044 1628 4085 cum
1651 4046 1736 4106 aqua
1750 4027 1791 4088 ad

515 4142 633 4184 cornua
655 4120 776 4184 altaris:
802 4123 861 4184 hoc
885 4121 954 4184 loco
979 4141 1053 4183 vero
1078 4142 1116 4182 ex
1140 4141 1229 4182 sacro
1252 4121 1323 4182 oleo
1347 4120 1489 4201 quinque
1522 4123 1789 4202 praescribuntur,

516 4241 578 4281 una
603 4220 633 4280 in
659 4219 773 4294 medio,
806 4233 943 4301 quatuor
965 4221 1006 4282 ad
1031 4239 1158 4281 cornua.
1194 4220 1318 4280 Horum
1347 4218 1464 4280 rituum
1489 4240 1663 4302 earumque
1694 4223 1791 4285 varie·

514 4329 614 4380 tatum
638 4318 776 4380 rationes
798 4319 994 4382 doctioribus
1009 4317 1211 4399 explicandas
1235 4316 1369 4379 libenter
1385 4317 1544 4399 relinquo;
1562 4340 1659 4382 unum
1685 4333 1790 4384 tamen

515 4429 624 4479 notare
648 4437 711 4478 non
735 4416 960 4497 praetermitt0,
986 4414 1073 4496 quod
1089 4415 1226 4477 advertit
1249 4415 1343 4476 etiam
1361 4425 1468 4476 noster
1490 4417 1705 4492 Casta'tlanens,
1724 4421 1791 4482 Me-

514 4517 667 4576 deblanen.
698 4519 844 4595 ana'qne't.
870 4535 899 4595 p.
936 4533 995 4594 175
1021 4527 1052 4575 et
1086 4533 1161 4593 seq..
1187 4533 1259 4575 cum
1290 4533 1324 4574 se
1354 4512 1471 4574 vidisse
1508 4525 1640 4576 testatur
1665 4517 1696 4577 in
1732 4518 1791 4580 hac

516 4614 593 4674 urbe
616 4625 723 4674 nostra
747 4614 915 4675 nonnullas
939 4632 1062 4674 mensas
1078 4611 1224 4673 altarium
1248 4610 1389 4690 lapideas
1406 4611 1558 4674 habentes
1578 4613 1609 4674 in
1634 4615 1740 4678 medio
1758 4627 1790 4678 et

515 4711 546 4772 in
570 4725 707 4792 quatuor
729 4711 856 4792 angulis
880 4710 1035 4774 foramina
1058 4710 1125 4771 sive
1148 4709 1358 4771 concavitates
1382 4707 1556 4790 aliquando
1584 4713 1786 4784 orbiculares,

514 4809 733 4872 scrobulorum
769 4809 876 4880 instar,
902 4808 1074 4889 aliquando
1109 4807 1293 4887 quadratas;
1329 4827 1442 4886 nempe
1476 4807 1553 4869 alias
1588 4811 1789 4874 consuevisse

514 4907 679 4987 episcopos
703 4919 836 4978 nostros,
862 4920 896 4970 ut
919 4919 1048 4977 ceteros,
1075 4906 1107 4967 in
1132 4905 1170 4966 iis
1189 4906 1331 4986 quinque
1355 4905 1498 4984 partibus
1526 4907 1626 4970 facere
1650 4909 1720 4972 illas
1743 4931 1789 4972 sa-

514 5017 692 5070 crosanctas
716 5005 880 5068 unctiones
896 5009 1008 5087 (quare
1025 5007 1104 5068 forte
1119 5003 1245 5066 rubrica
1269 5016 1375 5066 nostra
1398 5003 1489 5065 dicit:
1513 5013 1544 5066 et
1559 5010 1661 5069 mittat
1672 5011 1789 5088 aleam)

515 5126 554 5167 ne
577 5117 719 5186 paterent
742 5104 903 5184 expositae
926 5105 1154 5185 cuiuscumque
1170 5102 1218 5164 vel
1237 5102 1377 5183 ipsorum
1395 5101 1611 5168 ministrorum
1628 5108 1785 5171 contactui
