4084 6128
536 499 645 552 ORDO
666 497 722 550 ΑΙ)
743 497 965 552 ECCLESIAM
991 499 1261 552 DEDlCANDAll
1506 515 1538 564 25

367 749 493 822 Postea
525 774 605 821 cum
642 749 754 820 nialla
787 745 947 819 tabulam
972 754 1090 841 portat
1121 755 1233 841 super
1267 745 1452 841 reliquias,
1485 770 1540 817 ca-

260 876 372 949 nendo
389 874 623 972 artbplronam
643 875 771 951 istim:
793 873 960 969 Corpora
979 886 1189 944 sanctorum
1219 871 1254 943 in
1275 895 1366 967 pace
1395 867 1542 967 sepulta

261 1017 357 1088 sunt,
396 1017 434 1076 et
460 1002 588 1074 vivunt
620 999 771 1073 nomina
811 1023 939 1072 eorum
979 996 1015 1070 in
1055 1013 1263 1082 aeternum,
1302 997 1540 1091 adr'urtgrcntes

262 1128 390 1203 Gloria
418 1127 526 1202 Patri.

371 1261 430 1348 56.
459 1255 497 1328 T
492 1281 560 1328 unc
588 1253 719 1326 zitrlual
749 1253 868 1325 altare
885 1252 1100 1324 vrsltincnlir
1127 1249 1252 1333 sacris,
1277 1258 1312 1320 et
1336 1248 1435 1322 dicat
1459 1277 1540 1324 ora-
1606 1277 1621 1327 ⁵

261 1383 388 1454 lt'onem
415 1381 545 1458 istam:

369 1506 593 1593 Descendat,
625 1529 861 1602 quaesumus
895 1503 1058 1578 Domine
1088 1502 1194 1576 Deus
1215 1515 1350 1585 noster,
1381 1499 1541 1596 Spiritus

262 1652 411 1708 sanctus
440 1650 526 1708 tuus
553 1630 750 1730 paraclitus
779 1655 891 1727 super
921 1629 991 1704 hoc
1018 1629 1143 1714 altare,
1175 1628 1237 1724 qui
1266 1644 1305 1701 et
1332 1624 1459 1723 populi
1488 1627 1539 1699 tui

260 1760 360 1833 dona
375 1759 585 1844 sanctificet,
608 1776 646 1833 et
665 1756 890 1831 sumentium
909 1755 1021 1829 corda
1035 1755 1234 1852 dignanter
1252 1755 1439 1840 emundet,
1462 1779 1538 1850 per.

371 1905 430 1978 57.
469 1884 561 1958 [nde
590 1911 673 1957 vero
709 1891 919 1956 revertitur
948 1883 987 1955 in
1025 1881 1234 1954 socrun'um
1264 1883 1372 1978 ponti
1387 1906 1435 1952 ex
1461 1905 1541 1952 cum
1572 1916 1605 1953 10

260 2011 441 2085 maturet
465 2012 553 2093 suit,
583 2021 618 2084 et
643 2011 775 2083 zirduol
791 2035 828 2082 se
845 2010 1060 2082 uestimentis
1085 2007 1323 2091 sollemnibus,
1354 2008 1543 2103 decipiente

259 2139 353 2211 scola
380 2138 591 2215 ziztroz'tum:

373 2267 432 2356 58.
455 2261 644 2336 Terribilis
663 2279 721 2337 est
739 2260 841 2336 locus
861 2263 940 2349 iste,
964 2261 1021 2335 hic
1040 2261 1175 2336 domus
1196 2262 1268 2335 Dei
1288 2278 1355 2348 est,
1378 2276 1416 2335 et
1436 2277 1542 2358 porta

261 2391 362 2478 caeli,
393 2408 431 2466 et
457 2390 647 2463 vocabitur
673 2388 757 2463 aula
794 2389 884 2462 Dei:
914 2415 994 2462 cum
1021 2413 1139 2462 versu.
1176 2389 1229 2459 Et
1251 2388 1428 2484 procedat
1452 2398 1540 2485 pon·

261 2520 355 2617 lisex
381 2518 424 2590 tle
457 2517 622 2590 sacram
654 2525 690 2588 el
719 2515 865 2588 celebret
896 2517 1053 2601 niueam,
1082 2515 1176 2588 sz‘crcl
1206 2539 1282 2587 mos
1312 2522 1372 2586 erl.
1573 2553 1604 2602 15

371 2665 430 2736 59.
468 2643 598 2716 Oratio
624 2641 679 2714 ad
701 2642 870 2718 neuram:
902 2641 1017 2723 Deus,
1053 2642 1115 2737 qui
1154 2639 1381 2715 invisibiliter
1417 2641 1543 2714 omnia

262 2770 440 2856 contines,
465 2784 645 2842 ettamen
665 2790 733 2864 pro
756 2766 873 2840 salute
895 2767 1044 2864 generis
1063 2766 1212 2840 humani
1233 2767 1343 2864 signa
1370 2783 1455 2840 tuae
1478 2792 1541 2864 po-

262 2895 399 2970 tentiae
417 2892 606 2969 visibiliter
625 2893 800 2978 ostendis
832 2891 1011 2991 templum
1030 2892 1101 2967 hoc
1120 2893 1309 2990 potentiae
1328 2909 1414 2968 tuae
1443 2893 1541 2967 inha-

262 3022 448 3096 bitationis
490 3018 656 3094 inlustra:
696 3035 737 3091 ut
778 3043 908 3092 omnes
936 3019 998 3115 qui
1036 3018 1106 3093 huc
1147 3019 1377 3116 deprecaturi
1411 3045 1543 3093 conve·

264 3151 377 3235 niunt,
408 3175 453 3222 ex
481 3172 713 3244 quacumque
744 3143 977 3219 tribulatione
1005 3147 1053 3219 ad
1083 3163 1118 3220 te
1138 3145 1383 3233 clamaverint,
1413 3171 1542 3221 conso·
1571 3191 1605 3228 20

263 3274 407 3348 lationis
436 3288 521 3346 tuae
548 3271 727 3346 beneficia
755 3288 1039 3367 consequantur,
1071 3298 1147 3369 per.

371 3405 431 3471 60.
462 3398 574 3476 Alit:
605 3397 710 3470 Deus
729 3396 791 3493 qui
820 3397 1080 3470 sacrandorum
1110 3398 1173 3472 tibi
1203 3417 1330 3474 auctor
1356 3426 1398 3474 es
1417 3425 1541 3474 mune-

264 3551 359 3610 rum,
394 3524 542 3598 effunde
578 3549 689 3620 super
720 3522 815 3598 hanc
849 3525 1025 3598 orationis
1059 3524 1211 3599 domum
1246 3527 1540 3602 benedictionem

265 3667 379 3734 tuam;
404 3665 445 3723 ut
471 3650 518 3722 ab
541 3648 713 3722 omnibus
742 3648 996 3722 invocantibus
1027 3674 1162 3724 nornen
1191 3667 1296 3725 tuum
1315 3652 1542 3727 defensionis

264 3794 349 3851 tuae
375 3775 548 3850 auxilium
577 3773 765 3860 sentiatur,
795 3800 871 3871 per.
1573 3801 1605 3852 25

406 4093 431 4143 7.
456 4077 611 4145 Spiritus...
638 4079 803 4145 paraclitus:
828 4086 894 4132 tuus
917 4087 1031 4132 sanctus
1059 4079 1191 4147 Spiritus
1212 4083 1245 4134 C.
1276 4111 1308 4120 -
1338 4097 1364 4147 9.
1391 4080 1542 4148 dignanter

335 4158 483 4214 emundet:
506 4159 643 4226 purificet.
665 4161 697 4213 C.
714 4190 746 4198 -
764 4176 805 4224 19.
827 4159 898 4213 huc:
916 4177 1001 4214 mmm
1008 4161 1171 4228 posteriori
1185 4163 1249 4216 add.
1264 4162 1321 4215 huc
1333 4170 1370 4216 te.
1387 4194 1418 4201 -
1437 4177 1480 4228 24.
1500 4162 1542 4215 in·

843 4243 853 4256 Ὶ

857 4282 863 4294 Ι

335 4240 516 4295 vocantibus:
538 4239 583 4294 hic
602 4240 809 4294 invocantibus.
830 4243 850 4294 t

311 4521 359 4593 56.
385 4515 463 4577 Ord.
493 4517 585 4576 Rom.
616 4521 684 4592 146,
716 4516 799 4576 Men.
831 4537 900 4594 152,
927 4517 1009 4578 Mur.
1038 4536 1110 4595 241,
1137 4525 1211 4595 487,
1232 4517 1328 4579 Gerb.
1355 4517 1378 4588 l,
1407 4524 1479 4590 226,
1500 4519 1539 4591 ΙΙ,

265 4634 317 4693 47,
342 4634 391 4692 50,
423 4615 514 4675 Mart.
540 4613 618 4675 Ord.
645 4613 685 4684 11,
713 4613 769 4674 Ill.

309 4731 359 4791 57.
385 4711 462 4774 Ord.
489 4714 581 4773 Rom.
612 4717 680 4790 146,
708 4714 791 4774 lllen.
823 4734 892 4792 152,
920 4716 1002 4776 Mur.
1031 4725 1105 4793 487,
1132 4716 1224 4776 Mart.
1250 4715 1328 4777 Ord.
1356 4716 1396 4789 II,
1416 4717 1473 4780 Ill.

310 4817 359 4888 58.
385 4811 469 4872 Men.
499 4831 568 4888 152,
595 4812 676 4872 Mur.
702 4819 776 4888 488,
804 4814 895 4875 Mart.
922 4813 1000 4876 Ord.
1028 4815 1068 4886 II,
1095 4815 1152 4876 ΙΙΙ.

310 4929 359 4987 59.
386 4911 470 4970 Men.
495 4929 564 4987 153,
584 4911 665 4971 Mur.
686 4930 759 4987 241,
785 4919 859 4989 488,
881 4913 977 4974 Gerb.
1003 4911 1026 4984 l,
1047 4920 1119 4987 226,
1139 4917 1180 4990 ΙΙ,
1201 4937 1253 4997 47,
1273 4919 1365 4980 Mart.
1384 4917 1463 4978 Ord.
1483 4917 1539 4978 111.

265 5007 458 5167 opionilel.
491 5013 554 5086 614
584 5011 686 5087 (139),
713 5009 809 5071 Gerb.
837 5011 860 5077 Ι,
889 5017 960 5082 226,
989 5012 1029 5074 ll.
1064 5035 1115 5093 47,
1149 5038 1191 5096 49
1225 5019 1309 5080 Men.
1344 5037 1413 5095 152,
1447 5017 1539 5076 Mart.

297 5126 343 5167 r.
411 5155 417 5168 .

1420 5289 1432 5324 ⁴
