4084 6128
510 507 544 568 46
907 505 1172 559 PONTIFICALE
1198 507 1307 562 SAEC.
1337 507 1387 562 IX.

510 621 857 630 .——--———-—-.--..-

618 755 676 823 28.
715 751 843 824 Oratio
869 751 923 822 ad
946 751 1191 832 ordzitatrdunt
1212 750 1484 847 presbyterum:

614 877 792 962 Oremus,
836 876 1080 960 dilectissimi,
1128 877 1253 950 Deum
1290 877 1435 950 Patrem
1471 876 1784 971 omnipotentem,

507 1017 548 1074 ut
576 1027 688 1098 super
714 999 884 1105 hunclos]
916 1000 1167 1105 famulumlos]
1190 1000 1386 1106 suumlosl,
1408 998 1595 1102 quemlos]¹
1621 1002 1669 1075 ad
1689 1028 1788 1100 pres·

506 1128 624 1202 biterii
654 1154 785 1203 manus
813 1128 936 1228 elegit,
967 1127 1140 1203 caelestia
1167 1128 1267 1202 dona
1295 1127 1547 1226 multiplicet...

462 1301 476 1348 5
617 1278 674 1344 29,
706 1255 820 1326 Alto:
849 1255 993 1328 Exaudi
1024 1279 1103 1338 nos,
1135 1279 1372 1351 quaesumus,
1396 1254 1560 1328 Domine
1591 1257 1697 1330 Deus
1726 1280 1790 1328 no-

506 1395 599 1464 ster;
629 1398 667 1453 et
695 1405 806 1476 super
834 1379 999 1480 huncios]
1022 1378 1268 1480 famulum[os]
1290 1379 1462 1482 tuumios]
1490 1382 1787 1456 benedictionem

507 1507 620 1579 sancti
646 1507 816 1602 Spiritus,
848 1523 885 1580 et
912 1507 1054 1604 gratiae
1083 1505 1321 1579 sacerdotalis
1350 1507 1499 1581 effunde
1528 1509 1717 1582 virtutem:
1748 1526 1789 1581 ut

505 1630 687 1732 quem[0s]
708 1648 794 1705 tuae
814 1632 960 1729 pietatis
979 1632 1191 1728 aspectibus
1206 1631 1394 1706 offerimus
1410 1631 1785 1734 consecrandum[os].

505 1775 684 1855 perpetua
714 1758 875 1831 muneris
903 1758 955 1830 tui
984 1757 1153 1855 largitate
1182 1758 1429 1856 prosequaris,
1460 1786 1536 1856 per.

447 1923 477 1958 ιο
617 1905 676 1975 30.
705 1884 949 1957 Cbrzsecralz'o:
978 1884 1141 1956 Domine
1161 1899 1297 1969 sancte,
1322 1884 1431 1958 Pater
1449 1887 1698 1983 omnipotens
1730 1911 1787 1959 ae-

505 2027 609 2085 terne
639 2011 745 2083 Deus
760 2007 807 2106 ΙΙ),
838 2009 1020 2083 honorum
1049 2027 1187 2094 auctor,
1218 2027 1255 2082 et
1283 2010 1498 2084 distributor
1534 2013 1701 2085 omnium
1736 2011 1790 2084 di·

504 2137 699 2235 gnitatum,
744 2161 810 2232 per
837 2161 950 2232 quem
979 2135 1174 2232 proficiunt
1203 2136 1383 2222 universa,
1424 2162 1629 2234 perquem
1657 2153 1788 2211 cuncta

504 2263 704 2348 firmantur,
742 2260 973 2358 amplificatis
1006 2287 1154 2360 semper
1196 2263 1231 2334 in
1261 2261 1392 2334 meiius
1421 2279 1572 2336 naturae
1601 2261 1789 2337 rationalis

506 2388 739 2462 incrementis
759 2413 826 2484 per
854 2388 1021 2460 ordinem
1050 2413 1216 2486 congrua
1245 2388 1387 2461 ratione
1414 2388 1652 2485 dispositum:
1688 2389 1787 2462 unde

446 2557 475 2606 15
507 2531 545 2588 et
573 2512 820 2587 sacerdotales
849 2512 988 2610 gradus
1020 2528 1132 2608 atque
1166 2512 1287 2587 officia
1321 2511 1513 2587 levitarum
1549 2515 1788 2588 sacramentis

508 2641 669 2736 mysticis
704 2639 868 2713 instituta
896 2656 1113 2711 creverunt:
1144 2655 1184 2712 ut
1212 2664 1294 2711 cum
1323 2637 1516 2734 pontifices
1539 2665 1705 2712 summos
1737 2665 1788 2713 re-

507 2766 642 2864 gendis
670 2763 817 2862 populis
845 2764 1096 2861 praefecisses,
1137 2763 1184 2836 ad
1220 2789 1347 2838 eorum
1378 2765 1573 2838 societates
1601 2784 1639 2839 et
1666 2766 1788 2862 operis

508 2891 772 2975 adiumentum,
805 2891 995 2988 sequentis
1023 2889 1162 2962 ordinis
1191 2891 1288 2963 viros
1317 2905 1355 2962 et
1383 2890 1568 2964 secundae
1596 2890 1788 2988 dignitatis

508 3016 676 3115 eligeres,
714 3015 775 3088 Sic
813 3016 848 3089 in
877 3015 1053 3089 haeremo
1088 3042 1154 3113 per
1182 3016 1420 3114 septuaginta
1446 3017 1605 3090 virorum
1631 3016 1788 3112 pruden-

443 3182 476 3217 20
508 3144 598 3216 tium
629 3158 790 3215 mentem
822 3142 943 3238 Moysi
974 3141 1140 3238 spiritum
1170 3143 1395 3240 propagasti,
1427 3143 1562 3240 quibus
1596 3142 1655 3216 ille
1688 3143 1789 3217 adiu-

508 3269 648 3344 toribus
678 3293 778 3353 usus,
806 3268 841 3340 in
863 3266 1002 3364 populo
1022 3268 1232 3341 innumeras
1252 3267 1506 3341 multitudines
1526 3266 1630 3341 facile
1649 3269 1789 3366 guber-

508 3395 616 3469 navit.
648 3394 709 3466 Sic
748 3395 785 3466 in
827 3391 1040 3467 Eleazarum
1075 3408 1112 3466 et
1146 3394 1307 3468 ithamar
1337 3411 1514 3491 paternae
1547 3394 1786 3492 plenitudinis
1857 3451 1862 3460 .

506 3521 770 3595 abundantiam
801 3520 1026 3593 transfudisti
1047 3548 1053 3592 :
1075 3537 1115 3592 ut
1134 3521 1180 3592 ad
1202 3519 1341 3593 hostias
1362 3518 1541 3593 salutares
1561 3537 1598 3593 et
1619 3520 1787 3618 frequen-

648 3815 674 3866 3.
690 3815 789 3852 suum:
805 3813 873 3851 suos
888 3798 942 3850 Na
964 3799 997 3850 C.
1012 3826 1047 3834 —
1059 3813 1086 3861 4.
1095 3799 1164 3864 post
1175 3795 1355 3863 multiplicet,
1370 3813 1483 3851 erasum
1497 3815 1562 3865 per:
1577 3800 1599 3851 C
1617 3816 1685 3853 aero
1697 3799 1789 3853 addit·

577 3890 605 3934 ct
618 3881 697 3947 quod
710 3879 773 3946 ejus
786 3877 953 3945 dignatione
966 3876 1125 3942 suscipiunt
1138 3877 1228 3943 ipsius
1242 3887 1454 3944 consequantur
1472 3878 1589 3933 auxilio.
1601 3910 1636 3918 —
1647 3883 1673 3932 6.
1688 3889 1787 3934 tuum:

577 3971 642 4014 tuos
662 3962 715 4013 hh:
737 3961 769 4012 C.
783 3989 817 3998 -
831 3973 857 4023 7.
878 3957 1061 4012 sacerdotalis
1074 3957 1205 4010 effunde:
1225 3957 1360 4024 spiritalis
1373 3957 1502 4012 infunde.
1524 3961 1556 4013 C.
1573 3989 1606 3998 —-
1622 3977 1664 4014 10.
1689 3961 1788 4014 Conse·

576 4042 684 4095 trotio:
703 4043 725 4095 C
745 4056 813 4094 vero
832 4039 917 4106 legit:
939 4040 1071 4092 Oremus.
1087 4039 1127 4090 Et
1137 4039 1271 4092 diaconus
1288 4039 1449 4093 Flectamus
1462 4057 1566 4106 genua.
1582 4041 1697 4096 Levate.
1717 4041 1787 4094 Con-

576 4122 706 4176 secrotio.
727 4151 762 4160 —-
783 4135 824 4185 17.
845 4119 1011 4174 societates:
1031 4118 1184 4173 societatis
1205 4121 1239 4173 C.
1262 4151 1295 4160 —
1314 4137 1357 4173 20.
1380 4128 1521 4174 mentem:
1551 4130 1671 4176 mentes.
1698 4123 1731 4176 C.
1753 4151 1788 4160 —-

577 4220 620 4257 21.
642 4203 820 4256 innumeras:
851 4199 1083 4254 innumerabiles.
1104 4201 1135 4256 C.
1173 4230 1207 4238 —
1228 4217 1271 4254 22.
1293 4200 1321 4254 in
1352 4200 1518 4255 Eleazarum
1538 4209 1566 4256 et
1591 4202 1733 4256 ithamar:
1758 4209 1786 4254 ct

577 4285 712 4338 Eleazaro
731 4292 760 4336 et
781 4283 925 4336 ithamaro
945 4280 1009 4334 filiis
1028 4281 1136 4334 Aaron.
1159 4282 1192 4334 C.

552 4529 601 4585 28.
620 4523 697 4584 Ord.
718 4523 809 4584 Rom.
836 4539 905 4598 103,
929 4520 1024 4582 Leon.
1044 4538 1118 4596 424,
1137 4516 1205 4578 Gel.
1226 4537 1287 4594 513
1305 4520 1385 4596 (22),
1405 4519 1489 4580 hieu.
1515 4539 1587 4596 224,
1607 4520 1690 4581 hiur.
1709 4538 1783 4598 412,

505 4629 579 4699 426,
606 4621 693 4682 hiiss.
721 4623 831 4682 Franc.
857 4625 930 4696 667,
956 4619 1052 4679 Gerb.
1078 4637 1130 4695 41,
1157 4617 1249 4676 hiart.
1275 4617 1353 4678 Ord.
1381 4616 1420 4687 il,
1449 4617 1505 4688 iii,
1532 4618 1587 4688 IV,
1613 4617 1651 4687 V,
1678 4617 1732 4679 vl.

551 4741 600 4797 29·
628 4721 723 4780 Leon.
750 4739 824 4797 424,
850 4717 918 4778 Cel.
946 4737 1008 4794 513
1033 4718 1111 4794 (23),
1139 4716 1223 4775 biert.
1258 4734 1330 4792 224,
1365 4716 1447 4776 Mur.
1482 4735 1556 4793 412,
1586 4721 1660 4794 426,
1695 4716 1782 4778 hiiss.

506 4820 616 4880 Franc.
644 4822 717 4895 667,
743 4818 838 4878 Gerb.
864 4837 916 4893 41,
943 4816 1035 4876 Mart.
1061 4812 1139 4875 Ord.
1167 4812 1206 4882 ΙΙ,
1232 4812 1288 4885 ΙΙΙ,
1319 4813 1373 4884 ΙΙΙ,
1399 4815 1438 4882 V,
1460 4813 1516 4875 Vl.

549 4938 600 4994 30.
626 4916 704 4977 Ord.
731 4917 823 4978 Rom.
846 4934 916 4991 103,
936 4915 1032 4975 Leon.
1051 4933 1125 4991 424,
1143 4910 1212 4973 Gel.
1232 4930 1293 4988 513
1311 4914 1392 4990 (23),
1411 4913 1495 4974 Men.
1516 4931 1588 4990 224,
1607 4912 1689 4974 Mur.
1708 4933 1781 4989 412,

505 5036 579 5095 427,
617 5014 706 5078 Miss.
731 5015 841 5076 Franc.
868 5019 941 5092 667,
979 5012 1074 5074 Gerb.
1099 5031 1151 5089 41,
1188 5010 1280 5071 Mart.
1307 5009 1385 5071 Ord.
1413 5010 1452 5081 ΙΙ,
1483 5011 1541 5082 ΙΙΙ,
1573 5011 1627 5078 IV,
1661 5011 1699 5080 V,
1726 5011 1781 5072 VI.

502 5113 535 5193 ΙΙ)
561 5115 649 5174 ilaec
672 5111 875 5174 Consecratio
900 5111 930 5171 in
954 5112 1028 5172 Ord.
1055 5112 1147 5172 Rom.
1165 5107 1295 5186 incipit:
1313 5111 1435 5178 Adesto,
1452 5128 1650 5188 quaesamus,
1674 5112 1783 5170 22ηηί-
