4078 6126
509 527 544 578 86
902 525 1169 581 PONTIFICALE
1193 529 1304 584 SAEC.
1340 528 1392 582 IX.

513 773 566 846 Ut
593 770 741 846 caelesti
770 785 877 869 septa
904 771 1090 868 praesidio
1118 790 1156 847 et
1183 774 1347 847 excubiis
1370 771 1505 847 vallata
1524 771 1787 869 spiritualibus,

509 898 649 971 aeterni
677 897 777 995 regis
795 912 915 972 castra
933 897 1103 972 introeat.
1125 900 1257 973 Amen.
1288 899 1403 994 Quod
1422 900 1503 997 ipse
1530 913 1718 995 praestare
1741 898 1791 971 di·

433 1039 436 1050 ·
509 1039 655 1121 gnetur,
686 1023 790 1096 cuius
825 1048 982 1121 regnum
1012 1039 1051 1097 et
1085 1024 1280 1122 imperium
1308 1024 1389 1098 sine
1423 1023 1496 1099 fine
1529 1040 1723 1121 permanet
1754 1024 1790 1097 in

511 1146 658 1222 saecula
686 1147 929 1223 saeculorum.
959 1150 1092 1224 Amen.

465 1309 480 1360 5
620 1275 685 1349 llle
704 1301 771 1349 vos
790 1275 986 1351 benedicat
1012 1275 1061 1350 de
1088 1276 1215 1362 caeliS,
1246 1277 1309 1376 qui
1330 1302 1397 1374 per
1415 1302 1560 1350 crucem
1579 1290 1617 1350 et
1645 1277 1792 1375 sangui·

510 1428 596 1476 nem
615 1400 799 1499 passionis
818 1427 909 1475 suae
929 1427 998 1475 nos
1012 1403 1137 1476 venire
1156 1402 1332 1500 dignatus
1346 1419 1404 1476 est
1417 1402 1598 1476 redimere
1617 1401 1652 1476 in
1674 1403 1788 1476 terris.

509 1528 642 1601 Amen.
674 1525 738 1601 Ille
766 1551 833 1600 vos
866 1526 1072 1615 benedicat,
1108 1543 1282 1626 protegat
1308 1543 1421 1627 atque
1449 1526 1626 1602 defendat
1652 1529 1791 1602 cunctis

509 1653 642 1727 diebus
661 1653 758 1726 vitae
776 1667 932 1739 vestrae,
954 1669 992 1727 et
1010 1655 1188 1751 perducat
1201 1680 1268 1727 vos
1285 1652 1334 1728 ad
1352 1679 1509 1752 regnum
1528 1651 1669 1751 gloriae
1688 1679 1788 1730 suae.

510 1805 622 1877 quern
642 1805 772 1853 omnes
791 1794 925 1876 gentes
940 1796 1134 1854 venturum
1154 1795 1352 1878 expectant
1369 1805 1453 1854 esse
1473 1779 1641 1853 iudicem.
1658 1781 1789 1853 Amen.

451 1993 483 2030 10
890 1959 1095 2060 [canon
1128 1959 1352 2062 ursana}
1374 1957 1411 2059 ⁴⁶)

620 2148 653 2196 2.
685 2123 871 2196 Dominus
900 2122 1101 2196 vobiscum.
1132 2113 1189 2230 ld.
1222 2123 1270 2196 Et
1297 2148 1379 2195 cum
1400 2123 1527 2220 spiritu
1558 2138 1633 2196 tu0.

617 2247 773 2321 Sursum
801 2247 923 2322 corda.
954 2239 1011 2332 Rl.
1044 2248 1239 2322 Habemus
1266 2246 1315 2321 ad
1345 2248 1561 2321 Dominum.

617 2373 765 2448 Gratias
792 2399 950 2472 agamus
985 2374 1150 2447 Domino
1179 2374 1265 2447 Deo
1299 2390 1437 2447 nostro.
1468 2364 1524 2458 R).
1559 2373 1726 2471 Dignum
1754 2391 1792 2448 et

511 2498 658 2572 iustum.

450 2673 481 2723 15
616 2627 669 2701 V.
698 2630 751 2701 D.
779 2627 954 2724 Aequum
984 2642 1023 2699 et
1049 2622 1219 2711 salutare,
1242 2651 1310 2700 nos
1338 2626 1404 2700 tibi
1432 2650 1579 2721 semper
1597 2640 1636 2698 et
1654 2625 1792 2722 ubique

509 2752 648 2850 gratias
679 2777 803 2849 agere,
842 2752 1003 2826 Domine
1036 2767 1173 2837 sancte,
1214 2751 1322 2825 Pater
1358 2750 1606 2847 omnipotens,
1640 2768 1791 2826 aeterne

512 2877 635 2963 Deus,
666 2901 733 2974 per
766 2876 953 2951 Christum
989 2876 1194 2950 Dominum
1224 2893 1410 2951 nostrum:
1440 2901 1646 2974 perquem
1683 2876 1791 2950 maie-

510 3019 643 3077 statem
664 3019 764 3078 tuam
783 3003 936 3077 laudant
964 3001 1112 3100 Angeli,
1134 3001 1290 3076 adorant
1310 3000 1607 3088 Dominationes,
1629 3017 1791 3075 tremunt

511 3131 739 3217 PotestateS,
775 3129 878 3206 Caeli
910 3129 1172 3226 caelorumque
1206 3129 1359 3204 virtutes
1386 3153 1429 3202 ac
1463 3128 1574 3202 beata
1606 3125 1789 3223 Seraphin

447 3293 481 3329 20
509 3258 609 3332 socia
625 3256 863 3344 exultatione,
884 3255 1157 3330 concelebrant:
1187 3280 1270 3328 cum
1289 3254 1425 3351 quibus
1444 3269 1482 3327 et
1501 3269 1646 3326 nostras
1666 3277 1787 3336 voces,

508 3400 550 3457 ut
576 3382 718 3456 admitti
748 3382 876 3456 iubeas
903 3382 1155 3479 deprecamur,
1178 3378 1332 3477 supplici
1352 3379 1586 3453 consessione
1607 3378 1788 3451 dicentes:

509 3509 678 3594 Sanctus,
710 3507 880 3593 SanctuS,
912 3507 1082 3581 Sanctus.
1115 3506 1301 3579 Dominus
1332 3506 1439 3578 Deus
1467 3503 1645 3579 Sabaoth.

615 3635 672 3708 Te
699 3635 811 3732 igitur
833 3632 1118 3709 clementissime
1139 3633 1258 3717 Pater,
1280 3657 1348 3728 per
1361 3630 1513 3728 Jhesum
1543 3629 1731 3703 Christum
1751 3629 1789 3702 fi-

508 3759 597 3832 lium
618 3775 721 3832 tuum
743 3758 947 3833 Dominum
972 3773 1137 3830 nostrum
1166 3753 1351 3852 supplices
1374 3780 1550 3853 rogamus
1573 3769 1611 3828 et
1628 3753 1790 3851 petimus

447 3919 480 3969 25
508 3885 561 3959 uti
584 3902 735 3982 accepta
753 3883 892 3958 habeas
910 3899 949 3957 et
977 3883 1176 3957 benedicas
1202 3880 1453 3976 haec†dona‚
1480 3879 1787 3976 haec†munera,

509 4010 599 4085 haec
613 4011 637 4106 Τ
650 4026 778 4084 sancta
796 4008 972 4083 sacrificia
994 4007 1156 4093 inlibata,
1182 4007 1218 4080 in
1238 4006 1365 4103 primis
1383 4030 1480 4104 quae
1500 4005 1564 4078 tibi
1588 4003 1787 4090 offerimus,

653 4221 695 4260 ro.
716 4205 867 4275 [CANON
889 4203 1047 4273 MISSAE]
1066 4203 1157 4271 suppl.
1178 4201 1208 4255 in
1227 4203 1280 4255 hnc
1297 4201 1363 4255 edit.
1378 4230 1412 4240 -
1426 4203 1470 4253 26.
1492 4201 1607 4252 Haec...
1621 4205 1691 4252 eto:
1706 4201 1791 4264 super

579 4287 710 4352 singulus
721 4302 815 4340 voces:
829 4287 910 4338 Haec
922 4283 1089 4353 inscriptum
1101 4285 1145 4337 est
1155 4282 1270 4350 signum
1282 4282 1316 4350 ’.η
1335 4283 1365 4335 cl
1374 4280 1415 4334 sic
1426 4279 1554 4348 deinceps
1565 4279 1662 4332 omnia
1673 4277 1758 4346 signa
1771 4277 1790 4345 †

580 4367 719 4422 habentur
736 4371 798 4434 sup.
819 4365 871 4420 lin.

509 4542 649 4605 diximus
672 4563 777 4624 supra,
802 4541 834 4602 in
858 4539 1040 4603 recensione
1062 4535 1182 4600 codicis
1207 4537 1241 4608 B,
1267 4535 1299 4596 in
1323 4553 1388 4616 quo
1410 4555 1430 4595 a
1453 4533 1506 4595 sol.
1535 4551 1595 4610 103
1624 4550 1790 4612 expressae

510 4653 584 4704 sunt
606 4640 843 4704 benedictiones
867 4659 925 4720 pro
948 4635 1119 4708 nonnullis,
1144 4634 1258 4714 hisque
1281 4631 1518 4714 principalibus,
1543 4630 1617 4692 anni
1642 4628 1790 4691 festivita-

509 4749 604 4811 tibus.
630 4785 671 4795 —
696 4749 833 4810 Notetur
856 4747 938 4809 hanc
954 4743 1120 4806 formulam
1145 4741 1247 4804 tribus
1263 4739 1397 4802 diversis
1420 4738 1567 4800 manibus
1589 4757 1658 4798 esse
1683 4755 1789 4798 exara·

509 4857 589 4909 tam:
613 4847 752 4909 secunda
776 4865 890 4908 manus
912 4842 1024 4923 incipit
1051 4841 1092 4904 ad
1115 4840 1229 4902 verba:
1258 4841 1361 4920 capita
1387 4837 1475 4916 fida:
1502 4834 1595 4898 tertia
1621 4856 1640 4896 a
1667 4833 1788 4896 verbis:

508 4947 599 5007 cm'us
621 4965 767 5024 regnum.
791 4975 836 4992 -
858 4941 932 5005 Alia
956 4939 1091 5003 formula
1114 4937 1252 5001 occurrit
1275 4936 1356 4999 insra
1379 4945 1451 5014 post
1471 4933 1634 4996 Canonem
1659 4932 1786 4994 Missae.

555 5063 583 5105 2.
601 5040 634 5128 *l
647 5043 757 5105 Canon
775 5053 881 5104 noster
904 5059 976 5103 cum
1001 5037 1098 5118 Greg.
1123 5036 1198 5099 edit.
1223 5057 1241 5097 a
1267 5037 1350 5096 Mur.
1367 5032 1524 5104 convenit,
1541 5031 1616 5094 licet
1630 5051 1669 5092 ex
1683 5029 1788 5093 citatis

509 5141 692 5203 nominibus
716 5139 831 5202 Hilarii
848 5149 880 5200 et
899 5137 1028 5201 Martini
1052 5134 1258 5216 apographus
1273 5132 1343 5195 cod.
1360 5130 1508 5212 gallicani
1525 5129 1645 5192 censeri
1662 5127 1787 5192 debeat.
