4078 6126
411 501 439 556 ΙΙ
460 501 581 564 ORDO‚
603 500 655 554 EX
674 501 764 555 COD.
787 501 910 555 BASIL.
933 500 1103 555 AMBROS.
1124 502 1234 556 snEc.
1255 500 1321 556 XV.
1458 519 1505 570 131

225 771 267 829 ut
293 754 354 828 illo
383 755 518 852 iugiter
536 753 744 827 ferveamus
764 751 914 847 Spiritu,
937 777 1048 848 quem
1069 751 1262 847 Apostolis
1282 753 1354 826 tuis
1383 754 1512 828 inefla-

225 881 346 955 biliter
374 881 550 954 infudisti.

331 1007 425 1080 Alie
441 1009 578 1080 eratin:
594 1003 630 1105 *l
654 1007 769 1092 llaec,
794 1008 968 1092 Domine,
991 1006 1161 1081 salutaris
1181 1007 1409 1083 Sacramenti
1430 1035 1510 1106 per·

225 1133 348 1230 ceptio
382 1148 616 1230 peccatorum
653 1149 861 1206 nostrorum
891 1132 1053 1207 maculas
1087 1133 1220 1218 diluat;
1251 1150 1289 1207 et
1318 1135 1365 1207 N.
1398 1136 1512 1232 impe·

226 1275 384 1334 ratorem
414 1275 580 1333 nostrum
609 1259 656 1331 ad
685 1258 891 1356 regendum
919 1260 1123 1333 secundum
1152 1276 1252 1333 tuam
1281 1259 1508 1334 voluntatem
1537 1292 1552 1340 5

226 1385 404 1482 populum
425 1385 600 1459 idoneum
620 1384 768 1458 reddat:
800 1400 840 1458 ut
859 1385 929 1459 boc
948 1384 1096 1458 salutari
1117 1386 1291 1480 mysterio
1310 1403 1438 1474 contra
1460 1387 1510 1459 vi-

225 1512 350 1586 sibiles
370 1527 408 1585 et
430 1511 630 1584 invisibiles
650 1511 777 1585 hostes
796 1513 973 1586 reddatur
995 1512 1161 1598 invictus,
1185 1537 1251 1608 per
1278 1512 1380 1610 quod
1401 1539 1509 1586 mun-

225 1638 296 1711 dus
324 1654 382 1712 est
409 1637 532 1711 divina
554 1637 832 1733 dispensatione
861 1638 1086 1734 redemptus.
1110 1639 1180 1711 Per
1200 1639 1415 1724 Dominum,
1437 1655 1505 1713 etc.

331 1766 385 1837 Et
401 1763 517 1859 finite
538 1765 670 1847 Missa,
701 1767 856 1862 accepiet
881 1792 953 1837 rex
963 1765 1210 1863 pontificalem
1238 1766 1507 1838 benedictionem

224 1900 440 1964 reverenter.
470 1889 664 1984 Qreesaete
690 1916 713 1962 a
740 1889 819 1964 seis
838 1891 1032 1964 baronibus
1049 1893 1243 1965 asseteetnr
1260 1892 1314 1963 ed
1321 1892 1508 1988 paletriem
1538 1925 1571 1960 ιο

225 2043 344 2091 snnm.

358 2207 509 2282 ORDO
540 2207 616 2279 ΑΙ)
647 2206 1082 2281 BENEDICENDUM
1114 2207 1375 2280 REGINAM.

338 2401 368 2451 1.
398 2377 514 2450 Debet
538 2379 670 2472 regine
699 2378 836 2451 adduci
860 2379 914 2450 nel
937 2379 1115 2450 eccleseirm
1144 2403 1223 2448 cnm
1251 2377 1394 2461 benere,
1414 2387 1450 2450 et
1469 2379 1507 2450 in

225 2503 301 2598 ipse
329 2503 500 2598 ingressu
529 2503 628 2576 de'eet
654 2501 822 2576 denn'nns
840 2503 1150 2601 archiepiscopus:

334 2628 586 2725 Omnipotens
615 2631 840 2727 sempiterne
865 2630 981 2714 Deus,
1004 2629 1088 2704 sons
1117 2645 1155 2702 et
1173 2630 1279 2726 origo
1303 2629 1416 2702 totius
1444 2629 1507 2702 bo·
1539 2671 1569 2718 15

228 2756 361 2841 nitatiS,
392 2757 455 2853 qui
490 2756 663 2831 soeminei
697 2783 809 2831 sexus
842 2756 1075 2853 fragilitatem
1111 2780 1346 2854 nequaquam
1380 2780 1508 2852 repro-

227 2882 350 2955 bando
379 2884 564 2968 averteris
597 2883 663 2957 sed
686 2883 884 2980 dignanter
915 2881 1193 2979 comprobando
1226 2881 1350 2978 potius
1382 2881 1505 2978 eligis;

226 3023 264 3080 et
297 3008 361 3106 qui
397 3008 540 3081 infirma
577 3008 703 3081 mundi
739 3008 914 3106 eligendo
945 3008 1051 3082 sortia
1079 3033 1251 3107 quaeque
1280 3006 1507 3080 confundere

226 3131 437 3220 decrevisti;
467 3134 606 3231 quique
624 3135 735 3208 etiam
764 3135 904 3231 gloriae
923 3135 1140 3231 virtutisque
1165 3151 1251 3207 tuae
1280 3131 1505 3228 triumphum

227 3259 263 3331 in
292 3283 403 3332 manu
430 3259 553 3352 judith
583 3260 766 3333 foeminae
794 3259 879 3333 olim
911 3260 1074 3333 iudaicae
1103 3258 1201 3355 plebi
1222 3259 1269 3332 de
1293 3257 1400 3331 hoste
1429 3283 1506 3332 sae-
1536 3301 1568 3336 ευ

226 3384 376 3457 vissimo
398 3385 588 3484 resignare
608 3385 765 3471 voluisti,
791 3387 942 3482 respice,
968 3410 1205 3482 quaesumus,
1228 3385 1275 3458 ad
1294 3409 1423 3480 preces
1442 3385 1507 3457 hu·

227 3510 389 3585 militatis
408 3527 574 3597 nostrae;
595 3529 634 3585 et
652 3537 764 3609 super
783 3512 876 3586 hanc
897 3509 1070 3584 [amulam
1092 3509 1267 3596 mamili,
1290 3535 1402 3607 quam
1422 3537 1505 3606 sup-

226 3635 308 3732 plici
337 3637 536 3712 devotione
565 3639 601 3710 in
630 3639 796 3736 reginam
826 3637 1008 3736 eligimus,
1031 3637 1331 3710 benedictionum
1360 3655 1503 3710 tuarum

224 3761 324 3836 dona
352 3762 562 3861 multiplica,
593 3789 752 3862 eamque
781 3764 933 3837 dextera
961 3778 1046 3835 tuae
1075 3763 1264 3859 potentiae
1292 3786 1441 3858 semper
1467 3777 1506 3834 et

225 3889 364 3986 ubique
392 3889 591 3963 circumda:
614 3892 709 3964 utin
738 3890 997 3965 benedictione
1026 3889 1077 3961 tui
1108 3889 1320 3962 muniminis
1340 3889 1504 3985 undique
1534 3935 1565 3984 25

225 4013 376 4088 firmiter
415 4030 597 4112 protecta,
636 4016 787 4090 visibilis
821 4042 888 4090 seu
929 4013 1120 4088 invisibilis
1162 4013 1279 4088 hostis
1321 4013 1504 4110 nequitias

224 4140 492 4236 triumphaliter
528 4167 744 4240 expugnare
782 4140 922 4226 valeat;
960 4156 998 4213 et
1035 4165 1109 4213 una
1144 4165 1227 4212 cum
1264 4139 1357 4212 Sara
1392 4153 1504 4234 atque

226 4263 404 4352 Rebecca,
439 4267 505 4342 Lia
533 4283 646 4365 atque
676 4267 825 4354 Rachel,
856 4268 975 4341 beatis
1004 4266 1290 4362 reverendisque
1320 4263 1501 4342 foeminis.

224 4391 340 4466 fructu
370 4395 462 4466 uteri
492 4395 548 4468 sui
577 4394 789 4469 foecundari
826 4420 891 4466 seu
921 4392 1096 4490 gratulari
1131 4408 1330 4476 mereatur,
1366 4389 1414 4462 ad
1444 4389 1505 4461 de·

223 4541 345 4590 eorem
375 4519 488 4592 totius
511 4520 627 4616 regui,
650 4535 861 4615 statumque
881 4533 1030 4590 sanctae
1061 4517 1132 4590 Dei
1163 4515 1350 4590 Ecclesiae
1370 4539 1505 4610 regen·
1531 4549 1566 4598 30

367 4801 409 4852 14.
431 4787 579 4853 ingressu:
597 4801 669 4840 corr.
691 4802 725 4839 ex
745 4802 891 4853 regressu.
914 4815 943 4824 —
968 4801 1009 4850 17.
1031 4783 1180 4839 averteris:
1201 4797 1279 4834 corr.
1300 4797 1339 4834 ex
1358 4782 1489 4836 auctoris.

268 5023 319 5082 31.
344 5001 377 5086 ²¹²)
405 5006 487 5066 Mur.
517 5025 587 5080 190,
613 5004 709 5068 Gerb.
739 5024 809 5081 109,
836 5005 939 5066 Lcosr.
967 5003 1053 5064 miss.
1084 5011 1154 5064 180.

272 5123 297 5163 1.
323 5101 402 5165 Ord.
428 5105 520 5165 Rom.
551 5121 620 5180 152,
645 5102 741 5164 Gerb.
772 5123 842 5180 109,
869 5105 962 5164 Mart.
988 5102 1068 5166 Ord.
1093 5100 1149 5162 VI.
