4078 6126
468 446 496 498 ll
518 444 639 506 ORDO,
663 445 714 497 EX
740 445 831 498 COD.
853 445 977 497 BASlL.
999 443 1170 498 AlllBROS.
1192 446 1302 498 SAEC.
1324 446 1389 500 XV.
1523 461 1572 511 127

297 709 425 779 crataS,
455 693 520 767 tibi
541 693 713 791 regaliter
736 693 958 789 impositum,
985 708 1207 789 nostraeque
1235 694 1503 768 benedictionis
1522 695 1574 768 os-

297 818 377 891 ficio
406 818 442 892 in
476 818 732 893 defensionem
768 834 917 892 sanctae
953 819 1024 892 Dei
1062 816 1250 892 Ecclesiae
1278 819 1451 892 divinitus
1479 820 1573 893 ordi-

299 961 439 1019 natum:
460 961 498 1019 et
516 961 598 1018 esto
627 970 769 1018 memor
786 943 834 1018 de
854 969 929 1040 quo
958 943 1149 1040 psalmista
1177 944 1411 1040 prophetavit
1429 944 1571 1020 dicens:

297 1071 501 1168 Accingere
520 1069 646 1168 gladio
666 1086 731 1143 tuo
751 1095 863 1166 super
881 1069 1025 1142 foemur
1043 1086 1158 1155 tuum,
1180 1069 1454 1166 potentissime;
1475 1088 1516 1144 ut
1536 1072 1571 1145 in

295 1196 364 1270 hoc
391 1222 459 1293 per
486 1196 647 1270 eundem
675 1195 749 1268 vim
777 1220 949 1268 exerceas
968 1195 1175 1292 aequitatis
1207 1194 1341 1268 molem
1372 1196 1573 1292 iniquitatis
1621 1239 1635 1286 5

296 1339 466 1420 potenter
492 1321 673 1406 destruas,
696 1337 734 1394 et
762 1336 924 1394 sanctam
947 1321 1019 1394 Dei
1045 1319 1247 1394 Ecclesiam
1271 1323 1425 1420 eiusque
1446 1321 1573 1396 fideles
1618 1393 1623 1402 ,

295 1473 511 1546 propugnes
539 1473 581 1520 ac
610 1462 805 1544 protegas:
837 1471 904 1519 nec
939 1446 1060 1518 minus
1089 1446 1158 1519 sub
1195 1445 1267 1519 lide
1299 1446 1429 1532 falsos
1461 1474 1573 1546 quam

294 1572 478 1647 christiani
508 1573 667 1646 nominis
695 1571 822 1644 hostes
845 1597 995 1645 execres
1017 1595 1059 1644 ac
1079 1571 1266 1645 destruas:
1296 1571 1425 1646 viduas
1454 1589 1492 1646 et
1510 1599 1574 1668 pu·
1670 1642 1679 1658 ,

295 1701 401 1800 pillos
419 1701 621 1775 clementer
638 1701 792 1774 adiuves
811 1718 848 1774 et
867 1701 1063 1774 defendas:
1086 1719 1270 1774 restaures
1289 1701 1467 1787 desolata,
1488 1728 1573 1775 con-

294 1853 418 1901 serves
447 1842 667 1912 restaurata;
699 1823 883 1897 ulciscaris
916 1825 1068 1898 iniusta:
1098 1825 1293 1900 confirmes
1322 1826 1419 1900 bene
1447 1827 1570 1922 dispo·
1607 1860 1638 1896 ιο

294 1952 379 2024 sita:
417 1967 601 2049 quatenus
635 1949 704 2022 hoc
744 1947 894 2046 agendo
932 1948 1106 2021 virtutum
1146 1950 1331 2046 triumpho
1369 1950 1571 2048 gloriosuS,

294 2077 526 2174 iustitiaeque
555 2074 673 2148 cultor
700 2075 886 2171 egregius,
917 2072 1021 2145 cuius
1040 2063 1132 2147 'cum
1164 2075 1291 2148 mundi
1312 2075 1503 2149 Salvatore
1523 2092 1574 2171 ty-

293 2228 380 2298 pum
408 2202 509 2298 geris
537 2201 574 2272 in
604 2201 752 2272 nomine
781 2199 861 2273 sine
881 2199 954 2272 fine
983 2201 1158 2274 merearis
1187 2227 1355 2298 regnare.
1387 2201 1461 2295 Qui
1490 2227 1574 2274 cum

294 2328 399 2401 Patre
419 2343 457 2402 et
476 2326 614 2422 Spiritu
636 2341 763 2400 sancto
782 2326 870 2397 vivit
892 2342 929 2397 et
949 2343 1084 2423 regnat
1104 2328 1139 2398 in
1160 2326 1307 2400 saecula
1330 2328 1571 2401 saeculorum.

292 2453 424 2527 Amen.
1605 2509 1635 2557 ,5

400 2584 457 2652 18.
474 2579 659 2652 Post-hoec
676 2579 843 2651 dommus
856 2580 1144 2674 archiepiscopus
1157 2603 1323 2650 coronam
1343 2580 1455 2675 capz'li
1465 2579 1566 2673 regri·
1583 2633 1585 2642 .

288 2731 366 2777 cum
394 2706 566 2802 episcopas
591 2706 670 2776 saras
697 2705 860 2800 :inportat
884 2713 919 2776 el
944 2705 1062 2776 dicat:

392 2832 531 2926 Accipe
559 2855 734 2904 coronam
763 2831 880 2927 regni,
903 2830 1105 2928 quaelicet
1132 2830 1179 2903 ab
1209 2831 1371 2929 indignis
1400 2832 1570 2904 manibus

288 2955 369 3054 (sic)
387 2957 497 3053 capiti
518 2974 583 3029 tuo
604 2957 814 3051 imponitur,
846 2981 1034 3052 quamque
1055 2957 1257 3029 sanctitatis
1276 2956 1432 3053 gloriam
1453 2973 1490 3028 et
1509 2957 1571 3031 ho·

293 3106 418 3156 norem
448 3108 490 3155 ac
518 3107 613 3177 opus
650 3081 873 3154 fortitudinis
909 3107 1084 3177 expresse
1114 3085 1262 3179 signare
1297 3080 1492 3177 intelligas.
1524 3083 1573 3155 Et
1603 3130 1636 3166 20

292 3207 469 3302 perhanc
488 3223 525 3280 te
545 3208 758 3304 participem
789 3209 978 3281 ministerii
1003 3209 1116 3281 nostri
1148 3233 1221 3281 non
1252 3209 1419 3306 ignores;
1450 3211 1500 3282 ita
1519 3225 1569 3293 ut,

291 3333 384 3406 sicut
403 3359 471 3406 nos
492 3334 526 3406 in
548 3334 781 3407 interioribus
801 3351 970 3430 pastores
990 3351 1226 3429 rectoresque
1246 3335 1450 3408 animantm
1471 3334 1572 3408 intel-

291 3457 447 3556 ligimur,
471 3476 508 3531 tu
533 3485 683 3555 quoque
713 3461 748 3532 in
778 3460 1020 3533 exterioribus
1048 3486 1157 3532 verus
1187 3460 1258 3532 Dei
1288 3460 1405 3533 cultor
1433 3477 1573 3534 strenu-

291 3609 409 3681 usque
428 3601 555 3658 contra
575 3610 705 3657 omnes
729 3585 971 3658 adversitates
1002 3585 1189 3659 Ecclesiae
1219 3585 1354 3659 Christi
1384 3587 1568 3672 defensor,

291 3710 470 3807 regnique
490 3735 511 3782 a
529 3710 613 3782 Deo
630 3711 693 3783 tibi
714 3710 805 3794 dati,
818 3728 855 3784 et
874 3736 940 3806 per
955 3710 1114 3783 officium
1136 3729 1284 3784 nostrae
1304 3713 1571 3786 benedictionis
1601 3750 1633 3798 25

290 3835 366 3907 vice
382 3835 650 3930 Apostolorum
670 3837 910 3931 omniumque
931 3836 1152 3909 Sanctorum
1173 3852 1237 3909 tuo
1254 3839 1423 3935 regimini
1442 3866 1465 3914 a
1487 3840 1570 3912 Deo

289 3961 486 4046 commissi,
526 3960 623 4033 utilis
655 3977 848 4034 exsecutor
886 3977 1136 4057 regnatorque
1170 3963 1386 4058 perspicuus
1422 3989 1570 4060 semper

289 4109 486 4182 appareas:
517 4102 557 4158 ut
574 4086 679 4160 inter
706 4085 890 4184 gloriosos
919 4085 1087 4170 athletas,
1121 4088 1296 4159 virtutum
1323 4090 1483 4185 gemmis
1512 4113 1572 4160 or-

289 4227 407 4297 natus
433 4229 471 4284 et
489 4212 653 4307 praemio
675 4214 923 4308 sempiternae
952 4211 1133 4285 felicitatis
1161 4231 1370 4299 coronatus,
1401 4243 1483 4292 cum
1514 4248 1572 4294 re-

288 4337 480 4434 demptore
500 4363 542 4411 ac
572 4337 753 4411 salvatore
769 4338 881 4434 Jhesu
905 4337 1064 4422 Christo,
1095 4339 1199 4411 cuius
1219 4364 1355 4412 nomen
1378 4344 1570 4443 vicemque
1600 4385 1634 4434 30

288 4481 434 4561 gestare
453 4466 622 4550 crederis,
641 4466 721 4539 sine
739 4464 812 4538 fine
831 4463 1011 4562 glorieris.
1034 4465 1109 4558 Qui
1131 4464 1219 4538 vivit
1241 4480 1279 4537 et
1298 4485 1430 4564 regnat
1451 4471 1566 4558 Deus,

287 4615 368 4662 cum
399 4591 506 4663 Patre
536 4591 572 4663 in
601 4591 741 4663 unitate
771 4589 931 4686 Spiritus
960 4591 1075 4664 sancti
1097 4615 1162 4686 per
1181 4591 1306 4663 omnia
1326 4594 1473 4670 saecula
1492 4623 1569 4673 sae-

288 4715 464 4789 culorum.

338 5053 384 5108 18.
408 5047 486 5110 Ord.
513 5051 605 5111 Rom.
636 5071 705 5128 151,
732 5050 827 5112 Gerb.
858 5059 927 5123 108,
954 5054 1046 5116 Mart.
1074 5053 1152 5116 Ord.
1178 5055 1233 5116 Vl.
