4084 6128
509 509 605 549 xxvm
1037 489 1262 544 PRAEFATIO

510 743 696 840 paginata,
720 766 793 813 non
813 765 897 813 esse
917 738 1111 811 distributa
1140 737 1241 808 iuxta
1260 735 1417 831 primum
1437 734 1623 816 ordinem;
1645 757 1789 828 nempe,

510 867 705 965 quaternio
734 866 873 962 primus
892 891 915 938 a
934 863 1021 936 solio
1051 888 1146 935 nunc
1175 863 1323 958 signato
1353 887 1452 934 num.
1487 883 1545 952 24,
1572 859 1649 931 sive
1678 885 1701 932 a
1720 859 1794 930 Be-

509 993 635 1066 nedz'et.
651 993 902 1064 linteaminum
926 990 1086 1085 incipere
1105 988 1235 1062 debet:
1252 988 1351 1061 unde
1368 989 1397 1059 si
1420 987 1506 1059 solia
1525 975 1791 1068 ordinarentur,

510 1118 580 1191 hoc
608 1134 708 1191 esset
737 1117 877 1190 initium
907 1115 1053 1198 codicis
1085 1113 1235 1211 reliquis
1264 1111 1360 1184 foliis
1388 1138 1507 1210 usque
1536 1113 1583 1186 ad
1613 1111 1674 1184 sol.
1711 1106 1795 1201 127'

511 1243 702 1338 dispositis
723 1243 802 1314 sine
822 1241 895 1313 ulla
914 1239 1055 1313 lacuna.
1087 1239 1164 1311 Sed
1183 1264 1205 1310 a
1225 1239 1468 1335 quaternione
1486 1239 1579 1310 XIII
1598 1235 1674 1322 (Iol.
1698 1232 1794 1328 ιη’)

511 1394 631 1465 usque
659 1368 706 1440 ad
726 1367 1008 1464 quaternionem
1034 1365 1149 1438 XXII
1172 1363 1367 1448 exclusive,
1400 1365 1475 1461 (qui
1507 1364 1646 1459 primus
1666 1363 1702 1432 in
1731 1387 1792 1433 co·

510 1493 591 1566 dice
621 1494 658 1564 B
685 1511 743 1565 est
770 1494 934 1582 assutus)
964 1491 1222 1566 desiderantur
1249 1507 1332 1564 octo
1361 1490 1636 1587 quaterniones
1659 1513 1794 1583 nempe

512 1618 598 1692 solia
628 1625 694 1710 64,
726 1619 861 1714 quibus
889 1618 1040 1698 deinde,
1074 1618 1102 1688 si
1131 1617 1321 1700 adessent,
1353 1615 1593 1688 succederent
1629 1612 1714 1686 solia
1746 1637 1763 1684 2
1773 1634 1792 1703 3

513 1744 615 1816 initio
634 1744 770 1817 codicis
791 1743 926 1840 posita:
949 1745 998 1816 ita
1018 1759 1058 1814 ut
1076 1742 1191 1815 codici
1211 1741 1322 1815 linem
1344 1759 1498 1837 poneret
1518 1741 1638 1812 Iltirta
1660 1741 1697 1811 e'n
1717 1764 1793 1810 eerr-

511 1871 705 1942 seeratieae
731 1870 900 1951 eeclesiae,
933 1868 993 1942 Iol.
1032 1873 1117 1941 18-2
1127 1864 1173 1959 3.'

623 1995 727 2068 Haec
757 2021 830 2068 non
862 2011 1139 2091 praetereunter
1159 1996 1292 2080 notavi,
1324 1994 1426 2090 quod
1456 1995 1603 2066 maximi
1633 2010 1690 2066 est
1719 2017 1793 2064 mo-

514 2120 644 2204 menti,
676 2121 764 2217 quia
799 2145 845 2192 ex
880 2119 947 2192 hac
976 2120 1234 2194 distributione
1268 2121 1425 2216 partium
1455 2118 1571 2216 liquet
1609 2145 1704 2192 saec¹
1738 2119 1790 2188 XI

513 2245 624 2317 etiam
657 2246 756 2340 apud
786 2271 854 2318 nos
883 2245 1132 2318 beieedictmnes
1158 2247 1426 2325 linteaminum,
1451 2256 1621 2341 patenae,
1653 2245 1790 2322 caleam,

513 2380 786 2466 campanarum,
809 2389 877 2444 etc.
900 2398 921 2444 a
941 2373 1009 2445 ritu
1030 2372 1271 2445 dedicationis
1291 2371 1467 2444 ecclesiae
1491 2372 1561 2444 iam
1592 2373 1794 2460 abstractas

516 2495 638 2580 luisse,
660 2495 748 2568 dum
778 2498 814 2570 in
843 2501 894 2582 A,
926 2523 1021 2570 saec.
1056 2500 1121 2582 IX,
1154 2523 1267 2570 unum
1298 2497 1470 2593 idemque
1491 2498 1597 2569 ritum
1627 2523 1708 2569 cum
1739 2521 1794 2567 ec-

514 2620 647 2694 clesiae
675 2622 908 2697 dedicatione
937 2626 1222 2699 constituebant.

621 2747 677 2818 Ex
698 2750 865 2844 sequenti
888 2751 1068 2844 analytica
1087 2749 1333 2844 descriptione
1349 2747 1484 2820 codicis
1500 2750 1683 2821 constabit
1698 2775 1794 2845 quae

514 2871 660 2944 diversa
688 2873 724 2944 in
753 2874 804 2957 A,
835 2873 892 2948 vel
922 2875 1043 2948 eidem
1071 2875 1244 2948 addenda
1273 2874 1356 2946 sint.

622 2999 752 3073 Codex
781 3002 828 3084 B,
860 3018 988 3098 utpote
1019 3001 1167 3074 mutilus
1196 3018 1233 3074 et
1262 3001 1511 3080 tumultuarie,
1544 3020 1583 3075 ut
1613 3005 1683 3076 iam
1707 3004 1791 3083 dixi,

514 3142 738 3219 compactus,
779 3127 903 3222 incipit
936 3128 983 3200 ab
1020 3127 1155 3201 ultimis
1191 3129 1341 3201 rubricis
1376 3128 1484 3200 officii
1524 3129 1651 3201 Feriae
1688 3129 1721 3199 II
1758 3130 1793 3201 in

513 3275 630 3323 coena
664 3251 814 3325 Domini
845 3253 974 3326 iisdem
1003 3255 1124 3326 verbis
1154 3254 1310 3325 Beealde'
1338 3255 1441 3334 nmi-
1469 3255 1567 3327 unde
1596 3255 1796 3327 ambrosia·

515 3399 601 3446 num
622 3376 691 3450 hoc
714 3378 926 3452 Pontificale
950 3405 989 3451 se
1013 3380 1163 3453 exhibet
1182 3381 1261 3452 sine
1282 3377 1354 3451 ulla
1380 3382 1646 3454 controversia:
1671 3382 1795 3476 itaque

514 3501 631 3574 codex
660 3505 711 3576 sic
740 3505 879 3601 incipit:

618 3752 658 3856 (f.
697 3753 740 3858 1).
768 3758 998 3830 «sectandam
1033 3785 1189 3838 tererem:
1210 3769 1334 3855 pastea
1370 3759 1481 3830 eadat
1499 3767 1586 3854 petit
1616 3757 1737 3828 altare
1763 3767 1797 3827 et

514 3877 630 3953 deerat:
662 3882 847 3955 Dominus
874 3883 1076 3956 vobiscum.
1108 3886 1282 3979 „S'epnr'tar
1300 3894 1373 3956 ant.
1405 3885 1442 3956 in
1474 3883 1707 3978 lllagnificat:
1741 3882 1793 3955 llli

516 4006 608 4098 patri
639 4006 794 4080 familias
806 4037 812 4093 ;
842 4018 877 4079 et
903 4011 953 4080 sz'c
981 4019 1166 4105 vesperam
1195 4010 1427 4105 ceerrpleatnr.

622 4131 675 4203 Et
684 4135 856 4229 pontifex
883 4135 995 4206 vadat
1020 4135 1059 4206 in
1085 4135 1319 4215 sacrariam·
1347 4135 1399 4206 r'lz'
1417 4135 1626 4230 praecipiat
1651 4134 1794 4206 sztbdm-

515 4257 657 4329 cam'bas
699 4269 741 4330 nt
773 4259 970 4354 deligenter
1003 4261 1207 4332 enstedmnt
1240 4261 1515 4332 Sacramentum
1559 4259 1730 4355 Corporis
1763 4267 1798 4330 et

516 4381 721 4478 ,s‘arrguina
749 4385 910 4458 Domini.
943 4385 1122 4458 Sz'na'taer
1155 4394 1275 4456 antem
1297 4386 1508 4480 praecipat
1534 4386 1672 4458 derebus
1699 4393 1797 4456 neta·

514 4507 598 4589 er'elr,
631 4519 673 4581 nt
706 4510 865 4582 cerrima
892 4520 927 4582 et
952 4511 1065 4582 oleam
1101 4536 1181 4581 cnm
1218 4533 1354 4604 taragna
1388 4513 1526 4583 cantela
1561 4510 1793 4583 destribuant.

515 4633 629 4707 Fr'm't.
661 4635 740 4708 Dea
763 4637 915 4731 gratans
943 4623 1071 4732 (sicls

629 4761 758 4833 Oratr'a
787 4771 873 4858 pasl
903 4763 1135 4835 arandatnm:
1170 4763 1331 4849 Adesto,
1365 4763 1543 4840 Domine,
1576 4780 1684 4835 etc.»
1716 4757 1798 4861 (per

516 4899 721 4970 extensum,
753 4885 828 4959 sere
857 4904 898 4960 ut
926 4887 962 4960 in
992 4887 1078 4960 edit.
1112 4887 1251 4962 blissal.
1283 4885 1430 4989 Ambr.)

626 5033 658 5081 2.
686 5005 725 5111 (I.
761 5008 806 5112 2).
839 5012 1043 5086 Benedictio
1070 5025 1182 5110 snper
1207 5012 1381 5108 capsellas
1408 5023 1442 5084 et
1456 5015 1591 5108 Jiistcs.
