4084 6128
519 505 550 546 12
914 489 1181 545 PONTlFlCALE
1206 489 1316 544 SAEC.
1343 489 1395 544 IX.

518 740 635 826 Deus,
657 738 819 813 clemens
839 753 876 813 et
895 736 1075 834 propitius
1098 761 1226 834 preces
1247 750 1395 809 nostrae
1413 732 1629 809 humilitatis
1649 734 1793 822 exaudi,

516 883 554 941 et
581 867 725 963 respice
754 864 802 939 ad
829 862 900 938 hoc
926 860 1051 936 altaris
1080 863 1132 936 tui
1161 860 1428 948 holocaustum,
1465 861 1568 959 quod
1597 886 1672 936 non
1709 863 1796 960 igne

515 992 702 1089 probatur,
731 992 797 1067 sed
827 989 988 1064 inlusum
1015 989 1130 1063 sancti
1160 989 1319 1086 Spiritus
1347 988 1398 1062 tui
1428 988 1549 1086 gratia
1575 988 1612 1062 in
1642 987 1796 1063 odorem

516 1133 602 1192 tuae
629 1117 820 1192 suavitatis
855 1113 1048 1190 ascendat:
1087 1130 1167 1189 ...ut
1200 1113 1536 1212 accipientibus-ac
1565 1115 1797 1189 sumentibus

351 1249 354 1254 '
471 1268 487 1318 s
516 1243 624 1318 nobis
655 1242 819 1342 legitime
848 1257 1073 1340 permaneat,
1105 1240 1439 1338 eucharistiamque
1467 1240 1586 1338 erigat
1615 1241 1652 1314 in
1680 1241 1799 1316 visce-

515 1369 617 1443 ribus
645 1369 790 1456 nostris,
821 1385 860 1442 et
886 1367 998 1441 vitam
1025 1366 1208 1442 concedat
1235 1383 1437 1442 aeternam.
1468 1392 1544 1464 per.

625 1517 685 1588 30.
707 1495 796 1570 Post
816 1495 940 1568 Amen
968 1494 1066 1567 dz'oot
1090 1468 1228 1568 excelso
1257 1519 1357 1567 oooo:
1385 1493 1542 1566 Sursum
1570 1491 1693 1566 corda.
1728 1493 1800 1566 Ro·

514 1622 675 1719 sponsio:
706 1621 901 1696 Habemus
933 1619 981 1695 ad
1017 1619 1232 1694 Dominum.
1269 1619 1417 1694 Gratias
1445 1643 1603 1716 agamus
1633 1619 1798 1693 Domino

518 1747 602 1821 Deo
632 1762 769 1822 nostro.
800 1746 1019 1844 Responsio:
1048 1745 1216 1843 Dignum
1245 1761 1283 1820 et
1310 1744 1446 1819 iustum
1476 1760 1544 1819 est.

455 1906 488 1943 10
627 1873 724 1948 Vere
752 1898 884 1969 osque:
902 1887 1052 1945 aeterne
1082 1871 1199 1945 Deus.
1222 1869 1297 1964 Qui
1320 1887 1407 1967 post
1428 1868 1650 1945 offendicula
1669 1868 1796 1968 lapsus

515 1999 621 2096 primi
651 1998 810 2074 hominis
839 1996 1027 2071 instituisti
1056 1997 1120 2071 tibi
1159 1997 1392 2095 propiciatori
1420 1996 1684 2072 deliniamenta
1711 1994 1798 2070 liba·

515 2125 634 2212 minis,
665 2141 707 2198 ut
733 2123 842 2222 culpa
860 2148 958 2220 quae
987 2139 1248 2220 praecesserat,
1272 2121 1403 2196 suturis
1423 2122 1652 2219 temporibus
1671 2121 1799 2219 expia-

515 2269 615 2329 retur
641 2278 709 2350 per
735 2274 891 2325 munera
924 2250 1059 2347 quibus
1101 2249 1371 2324 honorarentur
1397 2247 1535 2334 altaria,
1581 2246 1798 2322 honorifica-

516 2395 616 2454 retur
642 2396 681 2453 et
708 2375 898 2474 templum.
922 2374 1034 2470 Quod
1058 2375 1123 2449 tibi
1143 2375 1282 2472 primus
1303 2375 1387 2448 Noe
1408 2374 1641 2471 praeparavit
1662 2373 1794 2459 officio,

455 2542 486 2592 15
516 2531 642 2580 rursus
669 2502 860 2578 Abraham
889 2500 1142 2576 immolaturus
1175 2500 1300 2586 filium,
1345 2499 1478 2574 dehinc
1515 2499 1655 2574 electus
1683 2499 1797 2596 Jacob

516 2633 641 2718 erexit,
673 2646 711 2704 et
738 2629 843 2703 unxit
870 2629 906 2702 in
935 2625 1091 2701 titulum.
1127 2626 1238 2700 Adsit
1265 2624 1531 2724 redemptionis
1559 2642 1645 2700 tuae
1673 2624 1797 2699 inefla-

515 2758 599 2833 bilis
627 2758 756 2856 pietas,
787 2772 826 2830 et
857 2779 969 2851 super
995 2751 1065 2827 hos
1092 2749 1234 2850 lapides
1271 2777 1382 2850 opem
1411 2769 1496 2826 tuae
1529 2750 1797 2826 benedictionis

517 2884 688 2972 inlunde;
718 2899 760 2957 ut
777 2899 814 2956 te
842 2880 1022 2979 largiente
1045 2878 1180 2953 reserat
1206 2879 1422 2975 proemium,
1444 2878 1612 2976 quisquis
1636 2875 1797 2950 intulerit

517 3025 656 3097 votum;
671 3008 734 3106 qui
749 3005 965 3105 angularem
980 3003 1141 3101 lapidem
1155 3020 1194 3078 et
1208 3030 1338 3078 saxum
1353 3004 1433 3079 sine
1447 3004 1618 3079 manibus
1632 3003 1795 3077 excisum

455 3179 488 3216 ιο
519 3135 698 3212 nominari
718 3133 798 3231 ipse
817 3130 974 3217 voluisti,
997 3148 1035 3205 tu
1056 3130 1198 3229 lapides
1218 3133 1308 3206 istos
1333 3131 1466 3206 divinis
1494 3128 1652 3205 cultibus
1679 3152 1797 3226 appa·

516 3278 617 3336 ratos
644 3259 800 3335 benedic
826 3275 940 3356 atque
968 3257 1163 3345 sanctifica,
1195 3275 1233 3332 et
1261 3253 1352 3332 sacri
1381 3256 1490 3332 huius
1512 3254 1674 3352 mysterii
1703 3253 1796 3327 sicut

517 3388 703 3462 institutor
730 3387 780 3461 ita
807 3385 917 3460 etiam
947 3384 1192 3458 sanctificator
1217 3410 1367 3482 appare.
1398 3409 1464 3481 per
1493 3381 1692 3457 Christum.
1708 3375 1746 3478 *l

661 3671 687 3710 2.
707 3654 776 3709 hoc:
798 3653 894 3722 hujus.
915 3652 948 3706 C.
970 3680 1004 3695 -
1028 3651 1069 3706 Ul
1073 3652 1204 3720 praeced.
1219 3652 1304 3711 orat„
1318 3663 1375 3702 mo.
1397 3664 1454 3702 rec.
1469 3649 1532 3702 odd.
1547 3653 1633 3716 super
1645 3645 1696 3701 lin.
1706 3646 1793 3713 final.

584 3741 641 3804 pro
648 3735 762 3803 plurali
770 3733 908 3789 odoocr's:
925 3731 1104 3803 altari(um)s,
1119 3729 1281 3801 tu(orum)i,
1296 3728 1442 3799 qu(oe)0d.
1455 3759 1487 3768 -
1498 3729 1582 3796 igne:
1597 3727 1665 3795 igne
1677 3725 1792 3781 visibili.

587 3818 620 3872 C.
643 3847 676 3856 -
696 3831 722 3882 ³·
743 3815 800 3870 tui:
830 3831 886 3870 om.
908 3814 941 3868 C.
962 3839 996 3855 -
1015 3811 1119 3880 gratia:
1140 3812 1202 3866 eod.
1231 3827 1278 3864 mo
1297 3826 1374 3864 corr.
1398 3809 1428 3864 in
1456 3810 1586 3877 gratiam.
1608 3839 1641 3848 —
1661 3823 1688 3874 4.
1709 3817 1791 3862 tuae:

588 3913 645 3951 om.
665 3897 699 3950 C.
720 3927 753 3936 -
772 3893 922 3949 ascendat:
952 3891 1099 3948 accendat.
1120 3894 1153 3946 C.
1169 3923 1202 3931 -
1221 3892 1298 3945 Ante
1322 3899 1353 3945 ut
1380 3906 1495 3952 rasura,
1513 3889 1563 3944 sub
1581 3905 1636 3957 quo
1663 3891 1794 3956 apparel:

589 3977 641 4032 Per
659 3993 685 4031 1.
706 3993 763 4031 mo.
783 4005 818 4016 -
837 3983 878 4040 ut,
903 3983 975 4030 ete:
996 3975 1019 4027 C
1046 3973 1131 4041 legit:
1148 3981 1178 4027 et
1197 3971 1324 4040 legitime
1350 3987 1381 4026 se
1406 3970 1586 4025 sumentibus
1615 3967 1793 4040 Eucharistia

587 4057 764 4112 medicabilis
784 4055 841 4119 fiat,
856 4064 885 4110 et
903 4053 1040 4109 advitam
1054 4053 1182 4122 proficiat
1195 4060 1350 4107 aeternam.
1367 4052 1420 4106 Per
1440 4051 1607 4106 Dominum.
1624 4079 1656 4090 -
1672 4065 1714 4103 rr.
1729 4064 1794 4117 pro-

586 4136 729 4206 piciatori:
750 4135 949 4205 propitiatorii.
970 4136 1004 4190 C.
1026 4166 1057 4174 -
1081 4149 1123 4200 14.
1146 4131 1234 4201 Quod
1256 4132 1343 4188 tibi...
1373 4130 1578 4199 redemptionis
1605 4139 1688 4184 tuae:
1709 4129 1789 4184 Assit

585 4219 673 4287 igitur
689 4216 900 4272 misericordiae
913 4225 989 4271 tuae.
1010 4216 1045 4270 C.
1066 4243 1100 4258 -
1120 4230 1163 4281 19.
1177 4213 1228 4282 qui
1246 4214 1449 4281 angularem...
1472 4214 1525 4267 Per
1536 4210 1700 4275 Christum
1719 4209 1792 4264 Cle·

581 4300 655 4369 gia:
678 4299 732 4354 Per
749 4315 817 4354 eum
829 4298 878 4366 qui
897 4313 929 4352 se
941 4295 1108 4364 angularem
1120 4293 1247 4363 lapidem
1265 4303 1294 4348 et
1312 4310 1413 4350 saxum
1432 4293 1496 4348 sine
1514 4291 1647 4346 manibus
1665 4289 1793 4346 excisum

586 4379 727 4436 nominari
746 4377 845 4442 voluit,
868 4376 1026 4433 Dominum
1046 4383 1184 4431 nostrum.

559 4636 609 4696 30.
635 4615 713 4678 Ord.
740 4615 831 4678 Rom.
857 4612 899 4683 ib,
926 4612 1018 4673 Mart.
1044 4609 1122 4671 Ord.
1150 4609 1173 4680 Ι,
1199 4609 1294 4672 Gerb.
1315 4631 1345 4690 p.
1370 4609 1419 4688 5i.
1460 4604 1494 4688 *)
1511 4608 1585 4670 Ord.
1604 4606 1694 4668 Rom.
1712 4605 1732 4667 l.
1749 4626 1791 4668 c.:

517 4737 536 4774 «
552 4714 677 4778 Deinde
699 4712 880 4775 tenentibus
914 4707 1117 4770 subdiaconis
1141 4707 1190 4769 vel
1214 4707 1347 4787 acolytis
1382 4705 1565 4769 linteamina
1599 4704 1650 4765 vel
1684 4702 1791 4765 omnia

517 4841 533 4874 «
549 4823 734 4878 ornamenta
756 4809 913 4880 ecclesiae,
939 4826 994 4870 seu
1019 4822 1093 4868 vasa
1115 4826 1203 4868 sacra
1231 4825 1450 4888 quaecumque
1473 4803 1514 4866 ad
1530 4803 1650 4866 cultum
1676 4801 1735 4864 Dei
1760 4813 1792 4862 et

516 4939 533 4972 ι
549 4913 697 4977 ecclesiae
713 4909 870 4991 pertinere
886 4906 1043 4976 videntur,
1060 4904 1226 4967 benedicat
1242 4925 1279 4967 ea
1295 4905 1445 4986 pontifex,
1463 4898 1545 4965 sicut
1561 4902 1592 4962 in
1617 4919 1792 4964 sacramen·

516 5037 533 5070 e
550 5012 631 5074 tario
653 5009 841 5072 continetur.
868 5005 949 5087 Ipsis
971 5000 1146 5082 completis,
1164 5003 1346 5084 egrediatur
1362 5002 1548 5083 Episcopus,
1567 5012 1598 5061 et
1615 4998 1790 5061 orationem

516 5122 622 5173 «ante
645 5107 779 5171 ostium:
803 5107 894 5167 Deus
916 5105 1030 5184 quiin
1054 5103 1144 5162 omni
1164 5103 1239 5176 loco,
1264 5113 1321 5164 etc.
1339 5127 1356 5160 s
1385 5101 1439 5163 ubi
1463 5099 1626 5162 advertere
1649 5107 1788 5178 oportet,
