<?xml version="1.0" encoding="UTF-8"?>
<!DOCTYPE html PUBLIC "-//W3C//DTD XHTML 1.0 Transitional//EN"
    "http://www.w3.org/TR/xhtml1/DTD/xhtml1-transitional.dtd">
<html xmlns="http://www.w3.org/1999/xhtml" xml:lang="en" lang="en">
 <head>
  <title>
</title>
<meta http-equiv="Content-Type" content="text/html;charset=utf-8" />
  <meta name='ocr-system' content='tesseract 3.04.00' />
  <meta name='ocr-capabilities' content='ocr_page ocr_carea ocr_par ocr_line ocrx_word'/>
</head>
<body>
  <div class='ocr_page' id='page_1' title='image "./pontificaleinus00churgoog_0099.png"; bbox 0 0 4078 6126; ppageno 0'>
   <div class='ocr_carea' id='block_1_1' title="bbox 479 518 1359 579">
    <p class='ocr_par' dir='ltr' id='par_1_1' title="bbox 479 518 1359 579">
     <span class='ocr_line' id='line_1_1' title="bbox 479 518 1359 579; baseline 0.003 -10"><span class='ocrx_word' id='word_1_1' title='bbox 479 529 512 579; x_wconf 76' lang='lat'><strong>54</strong></span> <span class='ocrx_word' id='word_1_2' title='bbox 878 518 1022 571; x_wconf 88' lang='lat' dir='ltr'>PONTIF</span> <span class='ocrx_word' id='word_1_3' title='bbox 1026 519 1143 572; x_wconf 88' lang='lat' dir='ltr'><strong>lCALE</strong></span> <span class='ocrx_word' id='word_1_4' title='bbox 1168 518 1278 572; x_wconf 82' lang='lat' dir='ltr'><strong>SAEC.</strong></span> <span class='ocrx_word' id='word_1_5' title='bbox 1307 518 1359 572; x_wconf 90' lang='lat' dir='ltr'><strong>IX.</strong></span> 
     </span>
    </p>
   </div>
   <div class='ocr_carea' id='block_1_2' title="bbox 1012 633 1223 644">
    <p class='ocr_par' dir='ltr' id='par_1_2' title="bbox 1012 633 1223 644">
     <span class='ocr_line' id='line_1_2' title="bbox 1012 633 1223 644; baseline 0 -2"><span class='ocrx_word' id='word_1_6' title='bbox 1012 633 1223 644; x_wconf 70' lang='lat' dir='ltr'>—n-—-</span> 
     </span>
    </p>
   </div>
   <div class='ocr_carea' id='block_1_3' title="bbox 413 762 1760 2498">
    <p class='ocr_par' dir='ltr' id='par_1_3' title="bbox 413 762 1760 2498">
     <span class='ocr_line' id='line_1_3' title="bbox 476 762 1760 863; baseline -0.001 -28"><span class='ocrx_word' id='word_1_7' title='bbox 476 763 601 861; x_wconf 79' lang='lat' dir='ltr'><strong>cipiaS,</strong></span> <span class='ocrx_word' id='word_1_8' title='bbox 633 782 671 840; x_wconf 92' lang='lat' dir='ltr'><strong>et</strong></span> <span class='ocrx_word' id='word_1_9' title='bbox 699 765 880 863; x_wconf 90' lang='lat' dir='ltr'><strong>propitius</strong></span> <span class='ocrx_word' id='word_1_10' title='bbox 910 767 945 839; x_wconf 94' lang='lat' dir='ltr'><strong>in</strong></span> <span class='ocrx_word' id='word_1_11' title='bbox 975 792 1021 840; x_wconf 91' lang='lat' dir='ltr'><strong>eo</strong></span> <span class='ocrx_word' id='word_1_12' title='bbox 1050 783 1112 840; x_wconf 90' lang='lat' dir='ltr'><strong>tua</strong></span> <span class='ocrx_word' id='word_1_13' title='bbox 1140 765 1240 839; x_wconf 89' lang='lat' dir='ltr'><strong>dona</strong></span> <span class='ocrx_word' id='word_1_14' title='bbox 1267 765 1473 838; x_wconf 89' lang='lat' dir='ltr'>custodias:</span> <span class='ocrx_word' id='word_1_15' title='bbox 1504 779 1545 837; x_wconf 94' lang='lat' dir='ltr'><strong>ut</strong></span> <span class='ocrx_word' id='word_1_16' title='bbox 1573 762 1674 859; x_wconf 93' lang='lat' dir='ltr'><strong>quod</strong></span> <span class='ocrx_word' id='word_1_17' title='bbox 1703 762 1760 834; x_wconf 90' lang='lat' dir='ltr'><strong>di-</strong></span> 
     </span>
     <span class='ocr_line' id='line_1_4' title="bbox 476 890 1755 986; baseline -0.002 -24"><span class='ocrx_word' id='word_1_18' title='bbox 476 891 562 962; x_wconf 91' lang='lat' dir='ltr'><strong>vino</strong></span> <span class='ocrx_word' id='word_1_19' title='bbox 605 917 756 965; x_wconf 90' lang='lat' dir='ltr'><strong>munere</strong></span> <span class='ocrx_word' id='word_1_20' title='bbox 798 910 1019 966; x_wconf 87' lang='lat' dir='ltr'><strong>consecutus</strong></span> <span class='ocrx_word' id='word_1_21' title='bbox 1047 909 1114 978; x_wconf 88' lang='lat' dir='ltr'><strong>est,</strong></span> <span class='ocrx_word' id='word_1_22' title='bbox 1145 891 1278 964; x_wconf 88' lang='lat' dir='ltr'><strong>divinis</strong></span> <span class='ocrx_word' id='word_1_23' title='bbox 1316 890 1507 964; x_wconf 77' lang='lat' dir='ltr'><strong>effectibus</strong></span> <span class='ocrx_word' id='word_1_24' title='bbox 1535 904 1755 986; x_wconf 83' lang='lat' dir='ltr'>exequatur,</span> 
     </span>
     <span class='ocr_line' id='line_1_5' title="bbox 476 1015 819 1115; baseline 0.012 -28"><span class='ocrx_word' id='word_1_25' title='bbox 476 1015 631 1115; x_wconf 83' lang='lat' dir='ltr'><strong>diesque</strong></span> <span class='ocrx_word' id='word_1_26' title='bbox 661 1035 819 1092; x_wconf 90' lang='lat' dir='ltr'><strong>nostros.</strong></span> 
     </span>
     <span class='ocr_line' id='line_1_6' title="bbox 584 1140 1758 1240; baseline -0.004 -24"><span class='ocrx_word' id='word_1_27' title='bbox 584 1167 646 1235; x_wconf 90' lang='lat'><strong>49.</strong></span> <span class='ocrx_word' id='word_1_28' title='bbox 682 1143 753 1216; x_wconf 75' lang='lat' dir='ltr'><strong>Ad</strong></span> <span class='ocrx_word' id='word_1_29' title='bbox 780 1143 1046 1240; x_wconf 83' lang='lat' dir='ltr'><strong>complendum:</strong></span> <span class='ocrx_word' id='word_1_30' title='bbox 1083 1142 1188 1215; x_wconf 88' lang='lat' dir='ltr'><strong>Haec</strong></span> <span class='ocrx_word' id='word_1_31' title='bbox 1222 1167 1290 1214; x_wconf 93' lang='lat' dir='ltr'><strong>nos</strong></span> <span class='ocrx_word' id='word_1_32' title='bbox 1323 1140 1533 1215; x_wconf 91' lang='lat' dir='ltr'><strong>communio</strong></span> <span class='ocrx_word' id='word_1_33' title='bbox 1567 1156 1704 1236; x_wconf 87' lang='lat' dir='ltr'><strong>purget</strong></span> <span class='ocrx_word' id='word_1_34' title='bbox 1735 1163 1758 1211; x_wconf 91' lang='lat' dir='ltr'><strong>a</strong></span> 
     </span>
     <span class='ocr_line' id='line_1_7' title="bbox 430 1268 1741 1363; baseline -0.005 -19"><span class='ocrx_word' id='word_1_35' title='bbox 430 1295 445 1344; x_wconf 82' lang='lat'>5</span> <span class='ocrx_word' id='word_1_36' title='bbox 475 1269 635 1353; x_wconf 93' lang='lat' dir='ltr'><strong>crimine,</strong></span> <span class='ocrx_word' id='word_1_37' title='bbox 666 1286 704 1342; x_wconf 93' lang='lat' dir='ltr'><strong>et</strong></span> <span class='ocrx_word' id='word_1_38' title='bbox 732 1269 953 1344; x_wconf 90' lang='lat' dir='ltr'><strong>caelestibus</strong></span> <span class='ocrx_word' id='word_1_39' title='bbox 981 1268 1153 1342; x_wconf 84' lang='lat' dir='ltr'><strong>remediis</strong></span> <span class='ocrx_word' id='word_1_40' title='bbox 1183 1269 1291 1342; x_wconf 89' lang='lat' dir='ltr'><strong>saciat</strong></span> <span class='ocrx_word' id='word_1_41' title='bbox 1318 1295 1402 1342; x_wconf 91' lang='lat' dir='ltr'><strong>esse</strong></span> <span class='ocrx_word' id='word_1_42' title='bbox 1430 1284 1633 1351; x_wconf 75' lang='lat' dir='ltr'><strong>consortes</strong></span> <span class='ocrx_word' id='word_1_43' title='bbox 1666 1292 1741 1363; x_wconf 88' lang='lat' dir='ltr'><strong>per.</strong></span> 
     </span>
     <span class='ocr_line' id='line_1_8' title="bbox 691 1393 1548 1468; baseline -0.004 0"><span class='ocrx_word' id='word_1_44' title='bbox 691 1395 766 1468; x_wconf 82' lang='lat' dir='ltr'><strong>AD</strong></span> <span class='ocrx_word' id='word_1_45' title='bbox 798 1394 1126 1468; x_wconf 79' lang='lat' dir='ltr'><strong>PONl&#39;lFlCElll</strong></span> <span class='ocrx_word' id='word_1_46' title='bbox 1157 1393 1548 1466; x_wconf 78' lang='lat' dir='ltr'><strong>ORDINANDUM.</strong></span> 
     </span>
     <span class='ocr_line' id='line_1_9' title="bbox 583 1518 1756 1613; baseline -0.005 -19"><span class='ocrx_word' id='word_1_47' title='bbox 583 1541 642 1613; x_wconf 82' lang='lat'><strong>50.</strong></span> <span class='ocrx_word' id='word_1_48' title='bbox 672 1521 775 1608; x_wconf 78' lang='lat' dir='ltr'><strong>Quae</strong></span> <span class='ocrx_word' id='word_1_49' title='bbox 793 1521 886 1592; x_wconf 71' lang='lat' dir='ltr'><strong>adde·</strong></span> <span class='ocrx_word' id='word_1_50' title='bbox 900 1520 1049 1593; x_wconf 81' lang='lat' dir='ltr'><strong>debeant</strong></span> <span class='ocrx_word' id='word_1_51' title='bbox 1065 1521 1103 1592; x_wconf 86' lang='lat' dir='ltr'><strong>r&#39;n</strong></span> <span class='ocrx_word' id='word_1_52' title='bbox 1119 1520 1384 1602; x_wconf 80' lang='lat' dir='ltr'><strong>consecratione,</strong></span> <span class='ocrx_word' id='word_1_53' title='bbox 1401 1519 1505 1590; x_wconf 84' lang='lat' dir='ltr'><strong>cuius</strong></span> <span class='ocrx_word' id='word_1_54' title='bbox 1523 1518 1668 1590; x_wconf 77' lang='lat' dir='ltr'><strong>im&#39;lr&#39;um</strong></span> <span class='ocrx_word' id='word_1_55' title='bbox 1687 1525 1756 1588; x_wconf 80' lang='lat' dir='ltr'><strong>erl:</strong></span> 
     </span>
     <span class='ocr_line' id='line_1_10' title="bbox 475 1642 1753 1730; baseline -0.002 -12"><span class='ocrx_word' id='word_1_56' title='bbox 475 1645 580 1718; x_wconf 85' lang='lat' dir='ltr'><strong>Deus</strong></span> <span class='ocrx_word' id='word_1_57' title='bbox 609 1645 791 1719; x_wconf 90' lang='lat' dir='ltr'><strong>honorum</strong></span> <span class='ocrx_word' id='word_1_58' title='bbox 825 1646 1001 1730; x_wconf 90' lang='lat' dir='ltr'><strong>omnium,</strong></span> <span class='ocrx_word' id='word_1_59' title='bbox 1037 1645 1091 1718; x_wconf 79' lang='lat' dir='ltr'><strong>ud</strong></span> <span class='ocrx_word' id='word_1_60' title='bbox 1114 1647 1251 1718; x_wconf 84' lang='lat' dir='ltr'><strong>locum:</strong></span> <span class='ocrx_word' id='word_1_61' title='bbox 1278 1662 1316 1718; x_wconf 91' lang='lat' dir='ltr'><strong>et</strong></span> <span class='ocrx_word' id='word_1_62' title='bbox 1345 1645 1477 1718; x_wconf 90' lang='lat' dir='ltr'><strong>idcirco</strong></span> <span class='ocrx_word' id='word_1_63' title='bbox 1507 1642 1644 1717; x_wconf 82' lang='lat' dir='ltr'><strong>famulo</strong></span> <span class='ocrx_word' id='word_1_64' title='bbox 1678 1659 1753 1725; x_wconf 90' lang='lat' dir='ltr'><strong>tuo,</strong></span> 
     </span>
     <span class='ocr_line' id='line_1_11' title="bbox 473 1769 1752 1868; baseline -0.002 -24"><span class='ocrx_word' id='word_1_65' title='bbox 473 1797 584 1867; x_wconf 91' lang='lat' dir='ltr'><strong>quem</strong></span> <span class='ocrx_word' id='word_1_66' title='bbox 621 1770 847 1868; x_wconf 89' lang='lat' dir='ltr'><strong>apostolicae</strong></span> <span class='ocrx_word' id='word_1_67' title='bbox 876 1771 976 1845; x_wconf 91' lang='lat' dir='ltr'><strong>sedis</strong></span> <span class='ocrx_word' id='word_1_68' title='bbox 1014 1771 1223 1868; x_wconf 84' lang='lat' dir='ltr'><strong>praesulem</strong></span> <span class='ocrx_word' id='word_1_69' title='bbox 1263 1787 1301 1844; x_wconf 91' lang='lat' dir='ltr'><strong>et</strong></span> <span class='ocrx_word' id='word_1_70' title='bbox 1338 1771 1531 1868; x_wconf 89' lang='lat' dir='ltr'><strong>primatem</strong></span> <span class='ocrx_word' id='word_1_71' title='bbox 1571 1769 1752 1853; x_wconf 93' lang='lat' dir='ltr'><strong>omnium,</strong></span> 
     </span>
     <span class='ocr_line' id='line_1_12' title="bbox 413 1893 1757 1992; baseline 0.001 -24"><span class='ocrx_word' id='word_1_72' title='bbox 413 1931 444 1969; x_wconf 74' lang='grc' dir='ltr'><strong>ιο</strong></span> <span class='ocrx_word' id='word_1_73' title='bbox 473 1897 535 1992; x_wconf 92' lang='lat' dir='ltr'><strong>qui</strong></span> <span class='ocrx_word' id='word_1_74' title='bbox 564 1898 601 1969; x_wconf 93' lang='lat' dir='ltr'><strong>in</strong></span> <span class='ocrx_word' id='word_1_75' title='bbox 629 1897 719 1971; x_wconf 91' lang='lat' dir='ltr'><strong>orbe</strong></span> <span class='ocrx_word' id='word_1_76' title='bbox 748 1915 924 1971; x_wconf 89' lang='lat' dir='ltr'><strong>terrarum</strong></span> <span class='ocrx_word' id='word_1_77' title='bbox 954 1914 1050 1983; x_wconf 89' lang='lat' dir='ltr'><strong>sunt,</strong></span> <span class='ocrx_word' id='word_1_78' title='bbox 1083 1897 1325 1984; x_wconf 85' lang='lat' dir='ltr'><strong>sacerdotum,</strong></span> <span class='ocrx_word' id='word_1_79' title='bbox 1348 1923 1390 1971; x_wconf 90' lang='lat' dir='ltr'><strong>ac</strong></span> <span class='ocrx_word' id='word_1_80' title='bbox 1410 1893 1627 1970; x_wconf 91' lang='lat' dir='ltr'><strong>universalis</strong></span> <span class='ocrx_word' id='word_1_81' title='bbox 1645 1895 1757 1969; x_wconf 90' lang='lat' dir='ltr'><strong>eccle·</strong></span> 
     </span>
     <span class='ocr_line' id='line_1_13' title="bbox 473 2017 1757 2109; baseline -0.001 -13"><span class='ocrx_word' id='word_1_82' title='bbox 473 2024 549 2096; x_wconf 88' lang='lat' dir='ltr'><strong>siae</strong></span> <span class='ocrx_word' id='word_1_83' title='bbox 569 2040 653 2097; x_wconf 90' lang='lat' dir='ltr'><strong>tuae</strong></span> <span class='ocrx_word' id='word_1_84' title='bbox 673 2024 862 2097; x_wconf 88' lang='lat' dir='ltr'><strong>doctorem</strong></span> <span class='ocrx_word' id='word_1_85' title='bbox 883 2023 1028 2109; x_wconf 88' lang='lat' dir='ltr'><strong>dedisti,</strong></span> <span class='ocrx_word' id='word_1_86' title='bbox 1059 2041 1097 2097; x_wconf 90' lang='lat' dir='ltr'><strong>et</strong></span> <span class='ocrx_word' id='word_1_87' title='bbox 1125 2024 1172 2096; x_wconf 88' lang='lat' dir='ltr'><strong>ad</strong></span> <span class='ocrx_word' id='word_1_88' title='bbox 1203 2024 1335 2096; x_wconf 92' lang='lat' dir='ltr'><strong>summi</strong></span> <span class='ocrx_word' id='word_1_89' title='bbox 1365 2022 1559 2096; x_wconf 86' lang='lat' dir='ltr'><strong>sacerdotii</strong></span> <span class='ocrx_word' id='word_1_90' title='bbox 1596 2017 1757 2095; x_wconf 90' lang='lat' dir='ltr'><strong>ministe-</strong></span> 
     </span>
     <span class='ocr_line' id='line_1_14' title="bbox 472 2146 1754 2246; baseline -0.001 -25"><span class='ocrx_word' id='word_1_91' title='bbox 472 2148 564 2221; x_wconf 93' lang='lat' dir='ltr'><strong>rium</strong></span> <span class='ocrx_word' id='word_1_92' title='bbox 585 2147 740 2246; x_wconf 86' lang='lat' dir='ltr'><strong>elegisti,</strong></span> <span class='ocrx_word' id='word_1_93' title='bbox 763 2148 866 2234; x_wconf 88' lang='lat' dir='ltr'><strong>banc,</strong></span> <span class='ocrx_word' id='word_1_94' title='bbox 889 2173 1126 2245; x_wconf 88' lang='lat' dir='ltr'><strong>quaesumus,</strong></span> <span class='ocrx_word' id='word_1_95' title='bbox 1152 2149 1325 2235; x_wconf 90' lang='lat' dir='ltr'><strong>Domine,</strong></span> <span class='ocrx_word' id='word_1_96' title='bbox 1348 2149 1504 2245; x_wconf 87' lang='lat' dir='ltr'><strong>gratiam</strong></span> <span class='ocrx_word' id='word_1_97' title='bbox 1524 2147 1701 2245; x_wconf 82' lang='lat' dir='ltr'><strong>largiaris</strong></span> <span class='ocrx_word' id='word_1_98' title='bbox 1717 2146 1754 2246; x_wconf 72' lang='lat' dir='ltr'><strong>l)</strong></span> 
     </span>
     <span class='ocr_line' id='line_1_15' title="bbox 471 2273 1755 2372; baseline -0.002 -25"><span class='ocrx_word' id='word_1_99' title='bbox 471 2275 630 2348; x_wconf 70' lang='lat' dir='ltr'><strong>&#39;l&#39;ribuas</strong></span> <span class='ocrx_word' id='word_1_100' title='bbox 658 2276 691 2348; x_wconf 92' lang='lat' dir='ltr'><strong>ei</strong></span> <span class='ocrx_word' id='word_1_101' title='bbox 720 2275 931 2350; x_wconf 89' lang='lat' dir='ltr'><strong>cathedram</strong></span> <span class='ocrx_word' id='word_1_102' title='bbox 966 2274 1213 2372; x_wconf 82' lang='lat' dir='ltr'><strong>pontificalem</strong></span> <span class='ocrx_word' id='word_1_103' title='bbox 1250 2275 1298 2348; x_wconf 88' lang='lat' dir='ltr'><strong>ad</strong></span> <span class='ocrx_word' id='word_1_104' title='bbox 1328 2273 1529 2372; x_wconf 86' lang='lat' dir='ltr'><strong>regendam</strong></span> <span class='ocrx_word' id='word_1_105' title='bbox 1563 2273 1755 2348; x_wconf 90' lang='lat' dir='ltr'><strong>ecclesiam</strong></span> 
     </span>
     <span class='ocr_line' id='line_1_16' title="bbox 471 2400 1039 2498; baseline 0.002 -24"><span class='ocrx_word' id='word_1_106' title='bbox 471 2418 509 2474; x_wconf 93' lang='lat' dir='ltr'><strong>et</strong></span> <span class='ocrx_word' id='word_1_107' title='bbox 538 2400 683 2498; x_wconf 90' lang='lat' dir='ltr'><strong>plebem</strong></span> <span class='ocrx_word' id='word_1_108' title='bbox 713 2403 932 2476; x_wconf 88' lang='lat' dir='ltr'><strong>universam.</strong></span> <span class='ocrx_word' id='word_1_109' title='bbox 962 2427 1039 2498; x_wconf 90' lang='lat' dir='ltr'><strong>per.</strong></span> 
     </span>
    </p>
   </div>
   <div class='ocr_carea' id='block_1_4' title="bbox 360 2577 1214 2674">
    <p class='ocr_par' dir='ltr' id='par_1_4' title="bbox 360 2577 1214 2674">
     <span class='ocr_line' id='line_1_17' title="bbox 360 2577 1214 2674; baseline 0.005 -4"><span class='ocrx_word' id='word_1_110' title='bbox 360 2577 364 2584; x_wconf 49' lang='grc'><strong>’</strong></span> <span class='ocrx_word' id='word_1_111' title='bbox 411 2621 440 2670; x_wconf 82' lang='lat'><strong>15</strong></span> <span class='ocrx_word' id='word_1_112' title='bbox 1011 2600 1214 2674; x_wconf 87' lang='lat' dir='ltr'><strong>ORATIO</strong></span> 
     </span>
    </p>
   </div>
   <div class='ocr_carea' id='block_1_5' title="bbox 597 2741 1622 2850">
    <p class='ocr_par' dir='ltr' id='par_1_5' title="bbox 597 2741 1622 2850">
     <span class='ocr_line' id='line_1_18' title="bbox 597 2741 1622 2850; baseline 0.001 -4"><span class='ocrx_word' id='word_1_113' title='bbox 597 2741 710 2846; x_wconf 74' lang='lat' dir='ltr'><strong>AD</strong></span> <span class='ocrx_word' id='word_1_114' title='bbox 754 2742 1122 2848; x_wconf 77' lang='lat' dir='ltr'>ABBATEM</span> <span class='ocrx_word' id='word_1_115' title='bbox 1164 2741 1622 2850; x_wconf 77' lang='lat' dir='ltr'>FACIENDUM</span> 
     </span>
    </p>
   </div>
   <div class='ocr_carea' id='block_1_6' title="bbox 587 2905 1752 3130">
    <p class='ocr_par' dir='ltr' id='par_1_6' title="bbox 587 2905 1752 3130">
     <span class='ocr_line' id='line_1_19' title="bbox 845 2905 1381 3004; baseline 0 -26"><span class='ocrx_word' id='word_1_116' title='bbox 845 2907 949 2980; x_wconf 88' lang='lat' dir='ltr'><strong>VEL</strong></span> <span class='ocrx_word' id='word_1_117' title='bbox 977 2905 1381 3004; x_wconf 67' lang='lat' dir='ltr'><strong>ABBATISSA11.*)</strong></span> 
     </span>
     <span class='ocr_line' id='line_1_20' title="bbox 587 3033 1752 3130; baseline -0.001 -24"><span class='ocrx_word' id='word_1_118' title='bbox 587 3059 616 3106; x_wconf 93' lang='lat'><strong>1.</strong></span> <span class='ocrx_word' id='word_1_119' title='bbox 661 3033 853 3118; x_wconf 89' lang='lat' dir='ltr'><strong>Concede,</strong></span> <span class='ocrx_word' id='word_1_120' title='bbox 889 3057 1132 3130; x_wconf 87' lang='lat' dir='ltr'><strong>quaesumus,</strong></span> <span class='ocrx_word' id='word_1_121' title='bbox 1176 3033 1412 3130; x_wconf 90' lang='lat' dir='ltr'><strong>omnipotens</strong></span> <span class='ocrx_word' id='word_1_122' title='bbox 1455 3035 1578 3107; x_wconf 88' lang='lat' dir='ltr'><strong>Deus:</strong></span> <span class='ocrx_word' id='word_1_123' title='bbox 1623 3048 1663 3106; x_wconf 94' lang='lat' dir='ltr'><strong>ut</strong></span> <span class='ocrx_word' id='word_1_124' title='bbox 1704 3033 1721 3105; x_wconf 85' lang='lat' dir='ltr'><strong>l</strong></span> <span class='ocrx_word' id='word_1_125' title='bbox 1741 3077 1752 3086; x_wconf 95' lang='lat'>-</span> 
     </span>
    </p>
   </div>
   <div class='ocr_carea' id='block_1_7' title="bbox 407 3157 1751 3509">
    <p class='ocr_par' dir='ltr' id='par_1_7' title="bbox 407 3157 1751 3509">
     <span class='ocr_line' id='line_1_21' title="bbox 474 3157 1751 3257; baseline 0 -26"><span class='ocrx_word' id='word_1_126' title='bbox 474 3158 612 3232; x_wconf 90' lang='lat' dir='ltr'><strong>mulum</strong></span> <span class='ocrx_word' id='word_1_127' title='bbox 633 3175 736 3231; x_wconf 94' lang='lat' dir='ltr'><strong>tuum</strong></span> <span class='ocrx_word' id='word_1_128' title='bbox 759 3159 806 3232; x_wconf 90' lang='lat' dir='ltr'><strong>N.</strong></span> <span class='ocrx_word' id='word_1_129' title='bbox 827 3158 884 3233; x_wconf 90' lang='lat' dir='ltr'><strong>vel</strong></span> <span class='ocrx_word' id='word_1_130' title='bbox 905 3157 1002 3232; x_wconf 89' lang='lat' dir='ltr'><strong>illam</strong></span> <span class='ocrx_word' id='word_1_131' title='bbox 1027 3159 1118 3257; x_wconf 80' lang='lat' dir='ltr'><strong>(sic),</strong></span> <span class='ocrx_word' id='word_1_132' title='bbox 1140 3184 1252 3255; x_wconf 89' lang='lat' dir='ltr'><strong>quem</strong></span> <span class='ocrx_word' id='word_1_133' title='bbox 1281 3159 1327 3232; x_wconf 91' lang='lat' dir='ltr'><strong>ad</strong></span> <span class='ocrx_word' id='word_1_134' title='bbox 1358 3159 1522 3256; x_wconf 84' lang='lat' dir='ltr'><strong>regimen</strong></span> <span class='ocrx_word' id='word_1_135' title='bbox 1546 3160 1751 3233; x_wconf 88' lang='lat' dir='ltr'><strong>animarum</strong></span> 
     </span>
     <span class='ocr_line' id='line_1_22' title="bbox 407 3285 1749 3384; baseline 0.001 -27"><span class='ocrx_word' id='word_1_136' title='bbox 407 3323 440 3357; x_wconf 84' lang='lat'><strong>20</strong></span> <span class='ocrx_word' id='word_1_137' title='bbox 471 3285 663 3384; x_wconf 87' lang='lat' dir='ltr'><strong>elegimus,</strong></span> <span class='ocrx_word' id='word_1_138' title='bbox 684 3286 826 3383; x_wconf 86' lang='lat' dir='ltr'><strong>gratiae</strong></span> <span class='ocrx_word' id='word_1_139' title='bbox 853 3302 938 3359; x_wconf 90' lang='lat' dir='ltr'><strong>tuae</strong></span> <span class='ocrx_word' id='word_1_140' title='bbox 958 3285 1059 3358; x_wconf 91' lang='lat' dir='ltr'><strong>dono</strong></span> <span class='ocrx_word' id='word_1_141' title='bbox 1078 3311 1321 3382; x_wconf 89' lang='lat' dir='ltr'><strong>prosequere:</strong></span> <span class='ocrx_word' id='word_1_142' title='bbox 1343 3303 1384 3359; x_wconf 92' lang='lat' dir='ltr'><strong>ut</strong></span> <span class='ocrx_word' id='word_1_143' title='bbox 1403 3303 1439 3359; x_wconf 90' lang='lat' dir='ltr'><strong>te</strong></span> <span class='ocrx_word' id='word_1_144' title='bbox 1464 3287 1643 3384; x_wconf 82' lang='lat' dir='ltr'><strong>largiente</strong></span> <span class='ocrx_word' id='word_1_145' title='bbox 1668 3313 1749 3360; x_wconf 93' lang='lat' dir='ltr'><strong>cum</strong></span> 
     </span>
     <span class='ocr_line' id='line_1_23' title="bbox 471 3409 1365 3509; baseline 0.002 -25"><span class='ocrx_word' id='word_1_146' title='bbox 471 3413 551 3509; x_wconf 91' lang='lat' dir='ltr'><strong>ipsa</strong></span> <span class='ocrx_word' id='word_1_147' title='bbox 579 3413 643 3485; x_wconf 91' lang='lat' dir='ltr'><strong>tibi</strong></span> <span class='ocrx_word' id='word_1_148' title='bbox 674 3428 800 3486; x_wconf 89' lang='lat' dir='ltr'><strong>nostra</strong></span> <span class='ocrx_word' id='word_1_149' title='bbox 827 3410 1007 3485; x_wconf 89' lang='lat' dir='ltr'><strong>electione</strong></span> <span class='ocrx_word' id='word_1_150' title='bbox 1036 3409 1259 3508; x_wconf 71' lang='lat' dir='ltr'><strong>placeamus</strong></span> <span class='ocrx_word' id='word_1_151' title='bbox 1290 3439 1365 3508; x_wconf 90' lang='lat' dir='ltr'><strong>per.</strong></span> 
     </span>
    </p>
   </div>
   <div class='ocr_carea' id='block_1_8' title="bbox 540 3635 1749 3947">
    <p class='ocr_par' dir='ltr' id='par_1_8' title="bbox 540 3635 1749 3947">
     <span class='ocr_line' id='line_1_24' title="bbox 614 3635 1748 3706; baseline 0.004 -19"><span class='ocrx_word' id='word_1_152' title='bbox 614 3651 655 3700; x_wconf 88' lang='lat'><strong>19.</strong></span> <span class='ocrx_word' id='word_1_153' title='bbox 669 3644 700 3688; x_wconf 91' lang='lat' dir='ltr'><strong>ut</strong></span> <span class='ocrx_word' id='word_1_154' title='bbox 711 3635 848 3688; x_wconf 81' lang='lat' dir='ltr'><strong>famulum</strong></span> <span class='ocrx_word' id='word_1_155' title='bbox 862 3643 959 3689; x_wconf 92' lang='lat' dir='ltr'><strong>tuum:</strong></span> <span class='ocrx_word' id='word_1_156' title='bbox 975 3636 1041 3690; x_wconf 88' lang='lat' dir='ltr'><strong>huic</strong></span> <span class='ocrx_word' id='word_1_157' title='bbox 1053 3637 1160 3690; x_wconf 81' lang='lat' dir='ltr'><strong>famulo</strong></span> <span class='ocrx_word' id='word_1_158' title='bbox 1173 3645 1232 3691; x_wconf 89' lang='lat' dir='ltr'><strong>tu0.</strong></span> <span class='ocrx_word' id='word_1_159' title='bbox 1248 3639 1281 3691; x_wconf 87' lang='lat' dir='ltr'><strong>C.</strong></span> <span class='ocrx_word' id='word_1_160' title='bbox 1297 3667 1329 3676; x_wconf 86' lang='lat'>-</span> <span class='ocrx_word' id='word_1_161' title='bbox 1345 3654 1388 3690; x_wconf 86' lang='lat'><strong>20.</strong></span> <span class='ocrx_word' id='word_1_162' title='bbox 1403 3636 1558 3702; x_wconf 82' lang='lat' dir='ltr'><strong>elegimus:</strong></span> <span class='ocrx_word' id='word_1_163' title='bbox 1573 3655 1630 3692; x_wconf 83' lang='lat' dir='ltr'><strong>nro.</strong></span> <span class='ocrx_word' id='word_1_164' title='bbox 1639 3643 1748 3706; x_wconf 69' lang='lat' dir='ltr'><strong>poster.</strong></span> 
     </span>
     <span class='ocr_line' id='line_1_25' title="bbox 540 3713 1748 3784; baseline 0.004 -16"><span class='ocrx_word' id='word_1_165' title='bbox 540 3731 617 3768; x_wconf 85' lang='lat' dir='ltr'><strong>corr.</strong></span> <span class='ocrx_word' id='word_1_166' title='bbox 632 3713 765 3780; x_wconf 83' lang='lat' dir='ltr'><strong>eligimus</strong></span> <span class='ocrx_word' id='word_1_167' title='bbox 778 3719 810 3768; x_wconf 78' lang='lat' dir='ltr'><strong>ul</strong></span> <span class='ocrx_word' id='word_1_168' title='bbox 822 3716 851 3768; x_wconf 82' lang='lat' dir='ltr'><strong>in</strong></span> <span class='ocrx_word' id='word_1_169' title='bbox 861 3717 894 3771; x_wconf 91' lang='lat' dir='ltr'><strong>C.</strong></span> <span class='ocrx_word' id='word_1_170' title='bbox 911 3748 943 3756; x_wconf 93' lang='lat'>-</span> <span class='ocrx_word' id='word_1_171' title='bbox 963 3717 1070 3783; x_wconf 86' lang='lat' dir='ltr'><strong>gratiae</strong></span> <span class='ocrx_word' id='word_1_172' title='bbox 1081 3727 1146 3771; x_wconf 90' lang='lat' dir='ltr'><strong>tuae</strong></span> <span class='ocrx_word' id='word_1_173' title='bbox 1160 3717 1238 3771; x_wconf 93' lang='lat' dir='ltr'><strong>dono</strong></span> <span class='ocrx_word' id='word_1_174' title='bbox 1251 3733 1438 3784; x_wconf 86' lang='lat' dir='ltr'><strong>prosequere:</strong></span> <span class='ocrx_word' id='word_1_175' title='bbox 1454 3718 1562 3783; x_wconf 79' lang='lat' dir='ltr'><strong>gratiae</strong></span> <span class='ocrx_word' id='word_1_176' title='bbox 1574 3718 1694 3774; x_wconf 91' lang='lat' dir='ltr'><strong>donum.</strong></span> <span class='ocrx_word' id='word_1_177' title='bbox 1715 3721 1748 3774; x_wconf 90' lang='lat' dir='ltr'><strong>C.</strong></span> 
     </span>
     <span class='ocr_line' id='line_1_26' title="bbox 540 3799 1749 3865; baseline 0.003 -17"><span class='ocrx_word' id='word_1_178' title='bbox 540 3826 574 3834; x_wconf 63' lang='grc'><strong>«-</strong></span> <span class='ocrx_word' id='word_1_179' title='bbox 593 3811 781 3861; x_wconf 84' lang='lat' dir='ltr'><strong>prosequere:</strong></span> <span class='ocrx_word' id='word_1_180' title='bbox 802 3813 859 3851; x_wconf 88' lang='lat' dir='ltr'><strong>mu.</strong></span> <span class='ocrx_word' id='word_1_181' title='bbox 874 3801 983 3864; x_wconf 79' lang='lat' dir='ltr'><strong>poster.</strong></span> <span class='ocrx_word' id='word_1_182' title='bbox 1009 3815 1087 3852; x_wconf 84' lang='lat' dir='ltr'><strong>corr.</strong></span> <span class='ocrx_word' id='word_1_183' title='bbox 1114 3799 1304 3865; x_wconf 88' lang='lat' dir='ltr'><strong>prosequaris.</strong></span> <span class='ocrx_word' id='word_1_184' title='bbox 1326 3830 1360 3837; x_wconf 99' lang='lat'>-</span> <span class='ocrx_word' id='word_1_185' title='bbox 1383 3815 1426 3852; x_wconf 88' lang='lat'><strong>21.</strong></span> <span class='ocrx_word' id='word_1_186' title='bbox 1456 3799 1633 3864; x_wconf 83' lang='lat' dir='ltr'><strong>placeamus:</strong></span> <span class='ocrx_word' id='word_1_187' title='bbox 1654 3801 1749 3854; x_wconf 76' lang='lat' dir='ltr'><strong>rudem</strong></span> 
     </span>
     <span class='ocr_line' id='line_1_27' title="bbox 540 3876 1398 3947; baseline 0.003 -18"><span class='ocrx_word' id='word_1_188' title='bbox 540 3893 596 3929; x_wconf 85' lang='lat' dir='ltr'><strong>mo.</strong></span> <span class='ocrx_word' id='word_1_189' title='bbox 611 3876 771 3943; x_wconf 78' lang='lat' dir='ltr'><strong>posteriori</strong></span> <span class='ocrx_word' id='word_1_190' title='bbox 787 3883 848 3945; x_wconf 83' lang='lat' dir='ltr'><strong>sup.</strong></span> <span class='ocrx_word' id='word_1_191' title='bbox 870 3878 921 3932; x_wconf 84' lang='lat' dir='ltr'><strong>liu.</strong></span> <span class='ocrx_word' id='word_1_192' title='bbox 942 3880 1005 3932; x_wconf 83' lang='lat' dir='ltr'><strong>odd.</strong></span> <span class='ocrx_word' id='word_1_193' title='bbox 1027 3888 1037 3933; x_wconf 88' lang='lat' dir='ltr'><strong>t</strong></span> <span class='ocrx_word' id='word_1_194' title='bbox 1056 3879 1094 3932; x_wconf 86' lang='lat' dir='ltr'><strong>ud</strong></span> <span class='ocrx_word' id='word_1_195' title='bbox 1111 3880 1260 3946; x_wconf 73' lang='lat' dir='ltr'><strong>legendum</strong></span> <span class='ocrx_word' id='word_1_196' title='bbox 1278 3879 1398 3947; x_wconf 86' lang='lat' dir='ltr'><strong>placeat.</strong></span> 
     </span>
    </p>
   </div>
   <div class='ocr_carea' id='block_1_9' title="bbox 461 4068 1747 4840">
    <p class='ocr_par' dir='ltr' id='par_1_9' title="bbox 512 4068 1659 4148">
     <span class='ocr_line' id='line_1_28' title="bbox 512 4068 1659 4148; baseline 0.005 -21"><span class='ocrx_word' id='word_1_197' title='bbox 512 4087 565 4146; x_wconf 85' lang='lat'><strong>49.</strong></span> <span class='ocrx_word' id='word_1_198' title='bbox 592 4068 675 4128; x_wconf 88' lang='lat' dir='ltr'><strong>Men.</strong></span> <span class='ocrx_word' id='word_1_199' title='bbox 705 4073 776 4136; x_wconf 88' lang='lat'>226,</span> <span class='ocrx_word' id='word_1_200' title='bbox 803 4068 886 4130; x_wconf 92' lang='lat' dir='ltr'><strong>Mur.</strong></span> <span class='ocrx_word' id='word_1_201' title='bbox 916 4076 986 4138; x_wconf 88' lang='lat'>108,</span> <span class='ocrx_word' id='word_1_202' title='bbox 1013 4076 1086 4148; x_wconf 86' lang='lat'><strong>358,</strong></span> <span class='ocrx_word' id='word_1_203' title='bbox 1113 4069 1208 4131; x_wconf 85' lang='lat' dir='ltr'><strong>Gerb.</strong></span> <span class='ocrx_word' id='word_1_204' title='bbox 1235 4091 1286 4148; x_wconf 88' lang='lat'><strong>42,</strong></span> <span class='ocrx_word' id='word_1_205' title='bbox 1313 4072 1405 4132; x_wconf 88' lang='lat' dir='ltr'><strong>Mart.</strong></span> <span class='ocrx_word' id='word_1_206' title='bbox 1433 4071 1511 4133; x_wconf 92' lang='lat' dir='ltr'><strong>Ord.</strong></span> <span class='ocrx_word' id='word_1_207' title='bbox 1538 4071 1578 4144; x_wconf 92' lang='lat'><strong>11,</strong></span> <span class='ocrx_word' id='word_1_208' title='bbox 1604 4073 1659 4134; x_wconf 89' lang='lat' dir='ltr'><strong>Vl.</strong></span> 
     </span>
    </p>

    <p class='ocr_par' dir='ltr' id='par_1_10' title="bbox 467 4166 1747 4444">
     <span class='ocr_line' id='line_1_29' title="bbox 514 4166 1746 4250; baseline 0.005 -23"><span class='ocrx_word' id='word_1_209' title='bbox 514 4185 564 4244; x_wconf 90' lang='lat'><strong>50.</strong></span> <span class='ocrx_word' id='word_1_210' title='bbox 584 4166 662 4227; x_wconf 88' lang='lat' dir='ltr'><strong>Ord.</strong></span> <span class='ocrx_word' id='word_1_211' title='bbox 682 4167 774 4230; x_wconf 92' lang='lat' dir='ltr'><strong>Rom.</strong></span> <span class='ocrx_word' id='word_1_212' title='bbox 798 4186 867 4244; x_wconf 90' lang='lat'><strong>117,</strong></span> <span class='ocrx_word' id='word_1_213' title='bbox 888 4167 972 4228; x_wconf 88' lang='lat' dir='ltr'><strong>Pam.</strong></span> <span class='ocrx_word' id='word_1_214' title='bbox 999 4175 1077 4246; x_wconf 76' lang='lat'><strong>387:</strong></span> <span class='ocrx_word' id='word_1_215' title='bbox 1103 4170 1188 4229; x_wconf 86' lang='lat' dir='ltr'><strong>Men.</strong></span> <span class='ocrx_word' id='word_1_216' title='bbox 1209 4175 1280 4240; x_wconf 84' lang='lat'><strong>226,</strong></span> <span class='ocrx_word' id='word_1_217' title='bbox 1302 4171 1384 4230; x_wconf 85' lang='lat' dir='ltr'><strong>Mur.</strong></span> <span class='ocrx_word' id='word_1_218' title='bbox 1405 4190 1477 4248; x_wconf 87' lang='lat'><strong>271,</strong></span> <span class='ocrx_word' id='word_1_219' title='bbox 1496 4177 1570 4248; x_wconf 78' lang='lat'><strong>448,</strong></span> <span class='ocrx_word' id='word_1_220' title='bbox 1589 4171 1685 4237; x_wconf 87' lang='lat' dir='ltr'><strong>Gerb.</strong></span> <span class='ocrx_word' id='word_1_221' title='bbox 1706 4193 1746 4250; x_wconf 78' lang='lat'><strong>42</strong></span> 
     </span>
     <span class='ocr_line' id='line_1_30' title="bbox 467 4261 1747 4350; baseline 0.005 -25"><span class='ocrx_word' id='word_1_222' title='bbox 467 4261 512 4346; x_wconf 91' lang='lat' dir='ltr'><strong>(in</strong></span> <span class='ocrx_word' id='word_1_223' title='bbox 537 4265 633 4350; x_wconf 86' lang='lat' dir='ltr'><strong>nota),</strong></span> <span class='ocrx_word' id='word_1_224' title='bbox 660 4266 752 4326; x_wconf 87' lang='lat' dir='ltr'><strong>Mart.</strong></span> <span class='ocrx_word' id='word_1_225' title='bbox 772 4265 850 4326; x_wconf 90' lang='lat' dir='ltr'><strong>Ord.</strong></span> <span class='ocrx_word' id='word_1_226' title='bbox 871 4265 910 4334; x_wconf 88' lang='lat' dir='ltr'><strong>ll,</strong></span> <span class='ocrx_word' id='word_1_227' title='bbox 934 4266 990 4327; x_wconf 91' lang='lat' dir='ltr'><strong>lll.</strong></span> <span class='ocrx_word' id='word_1_228' title='bbox 1038 4264 1070 4346; x_wconf 75' lang='lat' dir='ltr'><strong>ss)</strong></span> <span class='ocrx_word' id='word_1_229' title='bbox 1090 4267 1160 4328; x_wconf 90' lang='lat' dir='ltr'><strong>Hoc</strong></span> <span class='ocrx_word' id='word_1_230' title='bbox 1177 4267 1207 4328; x_wconf 96' lang='lat' dir='ltr'><strong>in</strong></span> <span class='ocrx_word' id='word_1_231' title='bbox 1226 4267 1295 4328; x_wconf 91' lang='lat' dir='ltr'><strong>loco</strong></span> <span class='ocrx_word' id='word_1_232' title='bbox 1324 4269 1399 4330; x_wconf 88' lang='lat' dir='ltr'><strong>Ord.</strong></span> <span class='ocrx_word' id='word_1_233' title='bbox 1417 4271 1508 4330; x_wconf 84' lang='lat' dir='ltr'><strong>Rom.</strong></span> <span class='ocrx_word' id='word_1_234' title='bbox 1527 4269 1622 4330; x_wconf 86' lang='lat' dir='ltr'><strong>habet</strong></span> <span class='ocrx_word' id='word_1_235' title='bbox 1647 4270 1747 4332; x_wconf 75' lang='lat' dir='ltr'><strong>rubr:</strong></span> 
     </span>
     <span class='ocr_line' id='line_1_31' title="bbox 468 4365 766 4444; baseline 0.01 -22"><span class='ocrx_word' id='word_1_236' title='bbox 468 4365 543 4423; x_wconf 78' lang='lat' dir='ltr'><strong>nem</strong></span> <span class='ocrx_word' id='word_1_237' title='bbox 561 4370 766 4444; x_wconf 69' lang='lat' dir='ltr'><strong>postpauca.</strong></span> 
     </span>
    </p>

    <p class='ocr_par' dir='ltr' id='par_1_11' title="bbox 461 4463 1747 4840">
     <span class='ocr_line' id='line_1_32' title="bbox 517 4463 1745 4544; baseline 0.005 -22"><span class='ocrx_word' id='word_1_238' title='bbox 517 4483 541 4522; x_wconf 95' lang='lat'><strong>1.</strong></span> <span class='ocrx_word' id='word_1_239' title='bbox 568 4463 646 4523; x_wconf 92' lang='lat' dir='ltr'><strong>Ord.</strong></span> <span class='ocrx_word' id='word_1_240' title='bbox 684 4463 777 4524; x_wconf 91' lang='lat' dir='ltr'><strong>Rom.</strong></span> <span class='ocrx_word' id='word_1_241' title='bbox 807 4467 877 4539; x_wconf 80' lang='lat'><strong>156,</strong></span> <span class='ocrx_word' id='word_1_242' title='bbox 904 4463 988 4524; x_wconf 91' lang='lat' dir='ltr'><strong>Men.</strong></span> <span class='ocrx_word' id='word_1_243' title='bbox 1030 4469 1099 4536; x_wconf 83' lang='lat'><strong>168,</strong></span> <span class='ocrx_word' id='word_1_244' title='bbox 1128 4471 1204 4534; x_wconf 77' lang='grc'>228,</span> <span class='ocrx_word' id='word_1_245' title='bbox 1232 4466 1314 4526; x_wconf 89' lang='lat' dir='ltr'><strong>Mur.</strong></span> <span class='ocrx_word' id='word_1_246' title='bbox 1342 4471 1414 4543; x_wconf 87' lang='lat'><strong>267,</strong></span> <span class='ocrx_word' id='word_1_247' title='bbox 1440 4467 1535 4529; x_wconf 87' lang='lat' dir='ltr'><strong>Gerb.</strong></span> <span class='ocrx_word' id='word_1_248' title='bbox 1562 4487 1621 4544; x_wconf 86' lang='lat'><strong>93,</strong></span> <span class='ocrx_word' id='word_1_249' title='bbox 1653 4469 1745 4529; x_wconf 86' lang='lat' dir='ltr'><strong>Mart.</strong></span> 
     </span>
     <span class='ocr_line' id='line_1_33' title="bbox 467 4557 1743 4646; baseline 0.013 -30"><span class='ocrx_word' id='word_1_250' title='bbox 467 4561 545 4622; x_wconf 81' lang='lat' dir='ltr'><strong>(lrd.</strong></span> <span class='ocrx_word' id='word_1_251' title='bbox 573 4561 585 4620; x_wconf 98' lang='lat' dir='ltr'><strong>l</strong></span> <span class='ocrx_word' id='word_1_252' title='bbox 609 4564 712 4640; x_wconf 82' lang='lat'><strong>(418),</strong></span> <span class='ocrx_word' id='word_1_253' title='bbox 739 4560 796 4622; x_wconf 95' lang='lat' dir='ltr'><strong>lll.</strong></span> <span class='ocrx_word' id='word_1_254' title='bbox 844 4557 876 4638; x_wconf 79' lang='lat'><strong>*)</strong></span> <span class='ocrx_word' id='word_1_255' title='bbox 894 4560 930 4621; x_wconf 92' lang='lat' dir='ltr'><strong>ln</strong></span> <span class='ocrx_word' id='word_1_256' title='bbox 954 4562 1040 4623; x_wconf 90' lang='lat' dir='ltr'><strong>calce</strong></span> <span class='ocrx_word' id='word_1_257' title='bbox 1063 4563 1159 4642; x_wconf 89' lang='lat' dir='ltr'><strong>hujus</strong></span> <span class='ocrx_word' id='word_1_258' title='bbox 1175 4563 1301 4637; x_wconf 77' lang='lat' dir='ltr'><strong>codiciS,</strong></span> <span class='ocrx_word' id='word_1_259' title='bbox 1326 4563 1393 4642; x_wconf 86' lang='lat' dir='ltr'><strong>(sol.</strong></span> <span class='ocrx_word' id='word_1_260' title='bbox 1420 4565 1557 4626; x_wconf 86' lang='lat' dir='ltr'>CXXXI</span> <span class='ocrx_word' id='word_1_261' title='bbox 1582 4577 1613 4626; x_wconf 90' lang='lat' dir='ltr'><strong>et</strong></span> <span class='ocrx_word' id='word_1_262' title='bbox 1631 4571 1743 4646; x_wconf 80' lang='lat' dir='ltr'><strong>seqq).</strong></span> 
     </span>
     <span class='ocr_line' id='line_1_34' title="bbox 467 4657 1747 4742; baseline 0.005 -24"><span class='ocrx_word' id='word_1_263' title='bbox 467 4671 628 4738; x_wconf 84' lang='lat' dir='ltr'><strong>tamquam</strong></span> <span class='ocrx_word' id='word_1_264' title='bbox 660 4657 844 4738; x_wconf 91' lang='lat' dir='ltr'><strong>posterioris</strong></span> <span class='ocrx_word' id='word_1_265' title='bbox 871 4679 984 4720; x_wconf 89' lang='lat' dir='ltr'><strong>manus</strong></span> <span class='ocrx_word' id='word_1_266' title='bbox 1007 4681 1086 4723; x_wconf 75' lang='lat' dir='ltr'><strong>saec.</strong></span> <span class='ocrx_word' id='word_1_267' title='bbox 1112 4663 1142 4722; x_wconf 91' lang='lat' dir='ltr'>X</span> <span class='ocrx_word' id='word_1_268' title='bbox 1166 4661 1296 4734; x_wconf 83' lang='lat' dir='ltr'><strong>additio,</strong></span> <span class='ocrx_word' id='word_1_269' title='bbox 1322 4663 1477 4742; x_wconf 86' lang='lat' dir='ltr'><strong>reperitur</strong></span> <span class='ocrx_word' id='word_1_270' title='bbox 1513 4665 1597 4724; x_wconf 82' lang='lat' dir='ltr'><strong>Ordo</strong></span> <span class='ocrx_word' id='word_1_271' title='bbox 1619 4666 1665 4725; x_wconf 84' lang='lat' dir='ltr'><strong>acl</strong></span> <span class='ocrx_word' id='word_1_272' title='bbox 1683 4668 1747 4725; x_wconf 83' lang='lat' dir='ltr'><strong>eli-</strong></span> 
     </span>
     <span class='ocr_line' id='line_1_35' title="bbox 461 4758 1744 4840; baseline 0.005 -24"><span class='ocrx_word' id='word_1_273' title='bbox 461 4758 602 4836; x_wconf 80' lang='lat' dir='ltr'><strong>gendum</strong></span> <span class='ocrx_word' id='word_1_274' title='bbox 619 4765 650 4818; x_wconf 80' lang='lat' dir='ltr'><strong>el</strong></span> <span class='ocrx_word' id='word_1_275' title='bbox 661 4759 872 4818; x_wconf 83' lang='lat' dir='ltr'><strong>ordinandum</strong></span> <span class='ocrx_word' id='word_1_276' title='bbox 889 4759 1056 4820; x_wconf 83' lang='lat' dir='ltr'><strong>Abbalem:</strong></span> <span class='ocrx_word' id='word_1_277' title='bbox 1072 4781 1182 4822; x_wconf 88' lang='lat' dir='ltr'><strong>omnes</strong></span> <span class='ocrx_word' id='word_1_278' title='bbox 1199 4771 1316 4822; x_wconf 92' lang='lat' dir='ltr'><strong>norunt</strong></span> <span class='ocrx_word' id='word_1_279' title='bbox 1332 4773 1450 4840; x_wconf 89' lang='lat' dir='ltr'><strong>quanta</strong></span> <span class='ocrx_word' id='word_1_280' title='bbox 1468 4761 1562 4823; x_wconf 86' lang='lat' dir='ltr'><strong>suerit</strong></span> <span class='ocrx_word' id='word_1_281' title='bbox 1584 4763 1744 4824; x_wconf 85' lang='lat' dir='ltr'><strong>Abbatum</strong></span> 
     </span>
    </p>
   </div>
   <div class='ocr_carea' id='block_1_10' title="bbox 466 4856 1852 4941">
    <p class='ocr_par' dir='ltr' id='par_1_12' title="bbox 466 4856 1852 4941">
     <span class='ocr_line' id='line_1_36' title="bbox 466 4856 1852 4941; baseline 0.006 -26"><span class='ocrx_word' id='word_1_282' title='bbox 466 4856 606 4934; x_wconf 90' lang='lat' dir='ltr'><strong>potentia</strong></span> <span class='ocrx_word' id='word_1_283' title='bbox 624 4856 732 4916; x_wconf 87' lang='lat' dir='ltr'><strong>Medio</strong></span> <span class='ocrx_word' id='word_1_284' title='bbox 750 4857 854 4928; x_wconf 85' lang='lat' dir='ltr'><strong>Aevo;</strong></span> <span class='ocrx_word' id='word_1_285' title='bbox 879 4867 911 4916; x_wconf 91' lang='lat' dir='ltr'><strong>et</strong></span> <span class='ocrx_word' id='word_1_286' title='bbox 926 4858 1089 4936; x_wconf 92' lang='lat' dir='ltr'><strong>quomodo</strong></span> <span class='ocrx_word' id='word_1_287' title='bbox 1105 4880 1214 4920; x_wconf 89' lang='lat' dir='ltr'><strong>eorum</strong></span> <span class='ocrx_word' id='word_1_288' title='bbox 1235 4859 1356 4930; x_wconf 83' lang='lat' dir='ltr'><strong>electi0,</strong></span> <span class='ocrx_word' id='word_1_289' title='bbox 1374 4861 1422 4921; x_wconf 88' lang='lat' dir='ltr'><strong>vel</strong></span> <span class='ocrx_word' id='word_1_290' title='bbox 1440 4861 1648 4928; x_wconf 80' lang='lat' dir='ltr'><strong>confirmatio,</strong></span> <span class='ocrx_word' id='word_1_291' title='bbox 1665 4881 1747 4941; x_wconf 88' lang='lat' dir='ltr'><strong>quae</strong></span> <span class='ocrx_word' id='word_1_292' title='bbox 1848 4881 1852 4888; x_wconf 90' lang='lat'>·</span> 
     </span>
    </p>
   </div>
   <div class='ocr_carea' id='block_1_11' title="bbox 463 4953 1746 5314">
    <p class='ocr_par' dir='ltr' id='par_1_13' title="bbox 463 4953 1746 5314">
     <span class='ocr_line' id='line_1_37' title="bbox 465 4953 1746 5038; baseline 0.005 -24"><span class='ocrx_word' id='word_1_293' title='bbox 465 4953 598 5014; x_wconf 89' lang='lat' dir='ltr'><strong>solemni</strong></span> <span class='ocrx_word' id='word_1_294' title='bbox 622 4953 853 5016; x_wconf 86' lang='lat' dir='ltr'><strong>benedictionis</strong></span> <span class='ocrx_word' id='word_1_295' title='bbox 869 4954 930 5015; x_wconf 88' lang='lat' dir='ltr'><strong>ritu</strong></span> <span class='ocrx_word' id='word_1_296' title='bbox 949 4957 1118 5036; x_wconf 84' lang='lat' dir='ltr'><strong>praecipue</strong></span> <span class='ocrx_word' id='word_1_297' title='bbox 1133 4957 1378 5038; x_wconf 86' lang='lat' dir='ltr'><strong>exprimebatur,</strong></span> <span class='ocrx_word' id='word_1_298' title='bbox 1393 4959 1433 5020; x_wconf 87' lang='lat' dir='ltr'><strong>ab</strong></span> <span class='ocrx_word' id='word_1_299' title='bbox 1450 4959 1608 5038; x_wconf 91' lang='lat' dir='ltr'><strong>episcopis</strong></span> <span class='ocrx_word' id='word_1_300' title='bbox 1632 4959 1663 5020; x_wconf 93' lang='lat' dir='ltr'><strong>in</strong></span> <span class='ocrx_word' id='word_1_301' title='bbox 1680 4959 1746 5020; x_wconf 92' lang='lat' dir='ltr'><strong>suis</strong></span> 
     </span>
     <span class='ocr_line' id='line_1_38' title="bbox 465 5051 1746 5136; baseline 0.004 -23"><span class='ocrx_word' id='word_1_302' title='bbox 465 5051 664 5114; x_wconf 87' lang='lat' dir='ltr'><strong>dioecesibus</strong></span> <span class='ocrx_word' id='word_1_303' title='bbox 688 5053 789 5114; x_wconf 88' lang='lat' dir='ltr'><strong>fieret:</strong></span> <span class='ocrx_word' id='word_1_304' title='bbox 815 5053 889 5114; x_wconf 92' lang='lat' dir='ltr'><strong>hinc</strong></span> <span class='ocrx_word' id='word_1_305' title='bbox 913 5052 945 5114; x_wconf 93' lang='lat' dir='ltr'><strong>in</strong></span> <span class='ocrx_word' id='word_1_306' title='bbox 970 5055 1142 5134; x_wconf 89' lang='lat' dir='ltr'><strong>pontificali</strong></span> <span class='ocrx_word' id='word_1_307' title='bbox 1167 5055 1406 5136; x_wconf 84' lang='lat' dir='ltr'><strong>Archiepiscopi</strong></span> <span class='ocrx_word' id='word_1_308' title='bbox 1439 5057 1536 5119; x_wconf 92' lang='lat' dir='ltr'><strong>nostri</strong></span> <span class='ocrx_word' id='word_1_309' title='bbox 1567 5069 1746 5136; x_wconf 88' lang='lat' dir='ltr'><strong>opportune</strong></span> 
     </span>
     <span class='ocr_line' id='line_1_39' title="bbox 463 5151 1746 5235; baseline 0.005 -24"><span class='ocrx_word' id='word_1_310' title='bbox 463 5161 633 5212; x_wconf 89' lang='lat' dir='ltr'><strong>occurrunt</strong></span> <span class='ocrx_word' id='word_1_311' title='bbox 657 5151 733 5213; x_wconf 89' lang='lat' dir='ltr'><strong>haec</strong></span> <span class='ocrx_word' id='word_1_312' title='bbox 757 5151 822 5212; x_wconf 93' lang='lat' dir='ltr'><strong>duo</strong></span> <span class='ocrx_word' id='word_1_313' title='bbox 846 5153 1045 5226; x_wconf 89' lang='lat' dir='ltr'><strong>documenta,</strong></span> <span class='ocrx_word' id='word_1_314' title='bbox 1071 5175 1153 5233; x_wconf 87' lang='lat' dir='ltr'><strong>quae</strong></span> <span class='ocrx_word' id='word_1_315' title='bbox 1177 5155 1333 5216; x_wconf 85' lang='lat' dir='ltr'><strong>diversam</strong></span> <span class='ocrx_word' id='word_1_316' title='bbox 1351 5177 1408 5235; x_wconf 90' lang='lat' dir='ltr'><strong>pro</strong></span> <span class='ocrx_word' id='word_1_317' title='bbox 1433 5166 1574 5235; x_wconf 89' lang='lat' dir='ltr'><strong>tempore</strong></span> <span class='ocrx_word' id='word_1_318' title='bbox 1597 5155 1746 5235; x_wconf 90' lang='lat' dir='ltr'><strong>discipli-</strong></span> 
     </span>
     <span class='ocr_line' id='line_1_40' title="bbox 463 5249 1047 5314; baseline 0.009 -6"><span class='ocrx_word' id='word_1_319' title='bbox 463 5269 536 5309; x_wconf 89' lang='lat' dir='ltr'><strong>nam</strong></span> <span class='ocrx_word' id='word_1_320' title='bbox 560 5249 709 5311; x_wconf 85' lang='lat' dir='ltr'><strong>ecclesiae</strong></span> <span class='ocrx_word' id='word_1_321' title='bbox 732 5261 857 5311; x_wconf 88' lang='lat' dir='ltr'><strong>nostrae</strong></span> <span class='ocrx_word' id='word_1_322' title='bbox 881 5249 1047 5314; x_wconf 90' lang='lat' dir='ltr'><strong>illustrant.</strong></span> 
     </span>
    </p>
   </div>
   <div class='ocr_carea' id='block_1_12' title="bbox 0 0 2044 6126">
    <p class='ocr_par' dir='ltr' id='par_1_14' title="bbox 0 0 2044 6126">
     <span class='ocr_line' id='line_1_41' title="bbox 0 0 2044 6126; baseline 0 0"><span class='ocrx_word' id='word_1_323' title='bbox 0 0 2044 6126; x_wconf 95' lang='lat' dir='ltr'><strong> </strong></span> 
     </span>
    </p>
   </div>
  </div>
 </body>
</html>
