4084 6128
786 527 1012 580 PRAEFATIO
1489 544 1540 582 xix

259 773 487 872 gelasianam
517 776 682 873 sapiunt:
714 775 751 847 id
779 775 945 871 profecto
975 800 1111 848 novum
1144 773 1247 845 addit
1279 773 1458 846 calculum
1493 774 1541 846 ad

260 901 525 975 restituendam
553 903 755 998 genuinam
784 901 981 974 lectionem
1009 925 1136 974 earum
1170 901 1345 996 partium,
1377 925 1474 995 quae
1504 900 1540 971 in

261 1029 545 1102 sacramentario
579 1028 734 1126 vulgato
767 1029 941 1126 Gregorii
979 1028 1129 1101 nomine
1163 1027 1417 1101 continentur:
1456 1051 1540 1099 nam

260 1155 376 1227 codex
401 1172 525 1228 noster
552 1181 598 1228 ex
621 1154 787 1252 pluribus
810 1155 1039 1252 argumentis
1068 1179 1108 1226 se
1137 1153 1287 1226 exhibet
1315 1153 1426 1225 veluti
1455 1177 1542 1249 apo-

260 1279 442 1376 graphum
477 1280 613 1354 codicis
639 1281 687 1354 ad
718 1306 884 1354 normam
920 1279 1119 1353 authentici
1150 1279 1290 1379 romani
1327 1277 1544 1350 Sacramen-

260 1404 339 1476 tatii
370 1405 569 1478 redactum.

369 1531 471 1603 Usus
501 1529 723 1603 Pontificalis
752 1533 852 1604 iuxta
880 1532 1141 1628 gregorianam
1170 1530 1366 1603 lectionem
1401 1528 1436 1600 in
1468 1527 1542 1598 Ec-

260 1654 372 1728 clesia
400 1673 526 1730 nostra
554 1656 662 1729 aliam
697 1657 866 1754 suggerit
894 1656 1271 1740 animadversionem3
1302 1655 1332 1725 si
1364 1652 1544 1726 Mediola-

261 1807 397 1854 nenses
412 1781 608 1854 Antistites
621 1782 883 1878 gregorianam
903 1782 1033 1878 quavis
1048 1781 1096 1852 de
1111 1806 1223 1854 causa
1238 1778 1435 1875 amplexati
1457 1794 1543 1850 sunt

262 1906 559 1980 reformationem
574 1907 698 2004 quoad
720 1906 943 1990 Pontificalc,
962 1907 1054 2004 (sive
1069 1933 1114 1979 ex
1134 1922 1333 2002 praecepto
1351 1906 1542 1978 Romanae

264 2031 460 2113 Ecclesiae,
484 2049 524 2104 ut
546 2031 615 2106 hoc
644 2033 756 2106 modo
787 2033 944 2105 Romani
977 2032 1163 2105 Pontificis
1182 2031 1480 2114 iurisdictionem,
1503 2046 1544 2102 ut

263 2133 315 2230 ita
335 2158 464 2242 dicam,
487 2157 650 2242 localem,
674 2185 808 2255 nempe
828 2175 868 2231 ut
891 2158 1093 2232 occidentis
1115 2156 1345 2230 Patriarchae
1367 2179 1542 2251 recogno·

264 2301 422 2370 scetem,
454 2285 532 2357 sive
567 2310 614 2357 ex
647 2284 761 2358 libera
789 2287 1057 2381 acceptatione)
1092 2283 1258 2380 profecto
1293 2283 1435 2378 absque
1471 2279 1544 2352 nlla

263 2413 511 2485 controversia
539 2412 649 2485 etiam
673 2411 835 2484 blissalis
854 2411 1151 2484 reformationem
1180 2423 1368 2504 acceptam
1398 2406 1544 2479 habuis-

264 2554 356 2622 sent,
387 2538 417 2610 si
445 2537 493 2610 ad
523 2538 558 2608 id
592 2537 711 2611 adacti
742 2537 898 2610 fuissent
931 2563 977 2610 ex
1004 2533 1152 2631 speciali
1190 2533 1366 2606 mandato
1406 2533 1542 2604 Roma-

265 2688 393 2738 norum
426 2661 661 2746 Pontificum;
682 2663 782 2758 quod
803 2687 877 2760 qua
896 2662 1045 2734 demum
1075 2685 1234 2756 cumque
1253 2660 1301 2731 de
1320 2683 1442 2736 causa,
1468 2683 1540 2730 non

263 2788 512 2861 intercessisse
531 2786 698 2884 arguitur
726 2813 772 2860 ex
791 2789 872 2883 ipso
896 2789 1099 2861 inveterato
1118 2803 1156 2858 et
1174 2783 1452 2858 immemorabili
1473 2811 1541 2857 usu

263 2914 507 3011 antiquissimi
543 2913 706 2996 Ordinis
743 2915 805 3010 qui
834 2913 1011 3009 deinceps
1039 2913 1087 2985 ab
1115 2911 1351 2985 ambrosiana
1381 2909 1545 2982 Ecclesia

265 3064 399 3116 nomen
429 3064 580 3135 quoque
608 3037 737 3110 habuit
764 3056 802 3110 et
830 3038 976 3111 famam.

372 3164 443 3236 llis
471 3163 598 3237 leviter
627 3164 865 3248 adumbratis
898 3182 937 3237 ut
958 3165 1145 3237 adstruam
1177 3162 1399 3236 Pontificalis
1429 3160 1541 3233 nostri

264 3290 536 3386 praestantiam,
568 3289 655 3362 illud
686 3291 836 3386 insuper
864 3290 1231 3364 animadvertendum
1266 3306 1333 3362 est.
1371 3284 1540 3365 hlissale,

265 3416 342 3489 sive
370 3441 415 3488 ea
442 3415 723 3489 Sacramentarii
753 3443 838 3512 pars
867 3443 963 3514 quae
989 3416 1036 3490 ad
1058 3417 1213 3489 Missam
1234 3415 1392 3511 pertinet
1420 3438 1442 3484 a
1473 3413 1544 3483 Ro-

264 3541 382 3613 manis
414 3541 652 3614 Pontificibus
688 3542 723 3613 in
758 3540 946 3616 meliorem
984 3559 1021 3615 et
1053 3541 1342 3614 commodiorem
1380 3536 1542 3610 fidelium

264 3683 301 3739 et
328 3664 413 3739 cleri
443 3693 548 3740 usum
579 3667 729 3741 reducta
757 3667 911 3741 diversis
941 3667 1169 3762 temporibus
1199 3665 1323 3746 fuerit,
1362 3689 1383 3736 e
1416 3680 1544 3734 contra

267 3791 477 3866 l'ontificale
497 3793 532 3864 in
557 3792 816 3866 solemniorem
837 3793 990 3866 formam
1011 3809 1159 3865 auctum
1182 3808 1248 3868 est,
1280 3806 1320 3861 ut
1343 3789 1461 3884 primo
1481 3787 1543 3858 ob-

264 3932 344 3988 tutu
360 3917 519 4013 quisque
538 3917 817 4013 deprehendere
833 3919 976 4015 poterit.
994 3916 1219 3990 conferendo
1240 3915 1403 3987 Ordines
1423 3912 1544 3985 editos

264 4067 287 4114 a
307 4043 487 4124 rllarlene,
509 4043 552 4114 de
566 4045 744 4138 Artlr'qm's
764 4045 942 4116 Ecclesiae
959 4044 1112 4116 ra'lt'lms:
1132 4040 1181 4115 ibi
1203 4043 1300 4114 enim
1322 4039 1543 4112 recentiores

266 4168 399 4242 multas
427 4185 465 4241 et
493 4169 587 4241 inter
614 4195 654 4242 se
684 4169 897 4267 frequenter
924 4170 1088 4242 diversas
1117 4167 1326 4240 additiones
1354 4164 1540 4240 exhibent.

265 4320 361 4392 quae
389 4297 737 4393 post-gregorianae
765 4296 974 4368 censendae
1004 4312 1099 4366 sunt.
1131 4292 1207 4366 Sed
1243 4288 1453 4365 Pontificale
1483 4313 1544 4360 no-

266 4437 379 4492 strum
399 4421 630 4517 simplicitate
654 4447 721 4494 sua
741 4422 904 4494 ostendit
922 4420 1170 4493 venerandam
1195 4417 1452 4515 antiquitatem
1480 4413 1546 4485 Sa·

265 4547 587 4620 eramentariorum
619 4547 811 4620 Romanae
842 4546 1044 4624 Ecclesiae:
1070 4562 1107 4618 et
1135 4544 1300 4640 proinde,
1332 4559 1372 4614 ut
1400 4539 1459 4612 alii
1488 4564 1545 4612 co-

265 4671 365 4744 dices
392 4673 649 4769 antiquissimi,
681 4672 821 4767 profert
847 4673 1071 4769 primaevam
1096 4670 1274 4744 rationem
1303 4692 1427 4740 sacros
1455 4664 1546 4737 ritus

264 4796 473 4871 celebrandi
503 4801 685 4897 integram
715 4799 750 4871 in
782 4797 948 4872 Ecclesia
976 4815 1101 4870 nostra
1129 4811 1322 4868 servatam.

375 4925 423 4997 Ni
453 4925 557 4998 fallor
585 4951 679 5023 quas
709 4941 832 5021 partes
862 4925 911 4997 D.
937 4923 1173 5021 Augustinus
1198 4921 1284 5016 (Ep.
1318 4939 1448 5011 [4971.
1483 4915 1542 4999 16)

265 5050 460 5150 distinguit
487 5050 523 5122 in
552 5049 720 5146 liturgica
749 5049 898 5143 Synaxi,
930 5049 1006 5120 sive
1037 5047 1153 5118 hlissa
1182 5042 1343 5116 fidelium
1373 5039 1456 5136 (cui,
1487 5064 1544 5110 ve-
