4078 6126
492 509 542 560 126
739 508 942 561 APPENDIX
962 509 1018 562 AD
1039 509 1307 564 PONTIFICALE
1326 511 1436 565 SAEC.
1460 511 1511 566 IX.

489 756 599 841 don0,
632 757 809 853 populum
839 759 906 830 sibi
941 758 1128 832 subditum
1156 785 1278 856 aequo
1311 760 1470 834 iustitiae
1497 760 1689 834 libramine
1717 787 1771 834 re·

488 909 578 979 gere
606 882 735 966 valeat,
767 900 805 956 et
833 884 868 956 in
897 885 1070 957 omnibus
1093 886 1269 982 operibus
1298 887 1374 958 suis
1402 903 1439 959 te
1462 911 1610 982 semper
1629 887 1765 970 timeat,

490 1011 629 1105 tibique
658 1010 792 1104 iugiter
819 1010 963 1106 placere
992 1010 1201 1096 contendat,
1235 1013 1304 1084 Per
1334 1007 1537 1086 Dominum
1567 1029 1744 1086 nostrum.

603 1156 658 1227 15.
682 1136 773 1207 Alia
794 1139 931 1214 oran'o:
962 1138 1068 1210 Deus
1093 1137 1165 1210 Dei
1191 1137 1315 1220 Filius,
1334 1137 1468 1233 Jhesus
1493 1137 1663 1210 Christus
1693 1138 1769 1210 Do·
1802 1199 1817 1214 ,

444 1294 458 1342 5
490 1262 610 1332 minus
639 1279 774 1345 noster,
806 1263 868 1358 qui
898 1289 919 1336 a
949 1263 1055 1335 l'atre
1076 1262 1159 1335 oleo
1178 1261 1413 1336 exultationis
1442 1280 1574 1336 unctus
1603 1281 1661 1336 est
1679 1288 1767 1358 prae

489 1386 725 1482 participibus
754 1388 840 1472 suis,
880 1389 958 1482 ipse
988 1413 1054 1482 per
1087 1403 1320 1483 praesentem
1355 1389 1446 1460 sacri
1480 1389 1682 1486 ungiminis
1718 1388 1768 1461 in-

489 1511 670 1585 fusionem
700 1513 859 1607 Spiritus
881 1512 1046 1586 Paracliti
1076 1539 1188 1608 super
1215 1529 1326 1608 caput
1345 1529 1448 1587 tuum
1470 1514 1639 1587 inlundat
1658 1515 1767 1587 bene-

488 1639 703 1722 dictionenr;
734 1638 966 1734 eandemque
995 1665 1114 1735 usque
1142 1638 1189 1711 ad
1226 1638 1399 1711 interiora
1427 1639 1548 1712 cordis
1576 1638 1627 1712 tui
1656 1665 1767 1735 pene-

488 1783 583 1839 trare
606 1766 732 1849 laciat;
754 1783 938 1861 quatenus
958 1764 1027 1837 hoc
1046 1763 1177 1836 visibili
1198 1782 1236 1838 et
1255 1764 1433 1838 tractabili
1453 1765 1553 1837 dono
1573 1765 1767 1838 invisibilia

427 1927 458 1962 ιο
489 1892 685 1988 percipere,
717 1907 755 1963 et
778 1891 968 1986 temporali
993 1916 1110 1986 regno
1131 1890 1235 1962 iustis
1259 1891 1556 1966 miserationibus
1579 1908 1763 1974 exsecuto,

487 2016 719 2091 aeternaliter
746 2041 965 2112 corregnare
995 2017 1027 2088 ei
1058 2016 1246 2100 merearis,
1278 2017 1340 2112 qui
1370 2015 1471 2089 solus
1500 2017 1579 2089 sine
1615 2034 1765 2113 peccato

487 2170 551 2217 rex
579 2169 708 2240 regum
728 2142 816 2214 vivit
844 2157 882 2213 et
908 2141 1088 2238 gloriatur
1106 2168 1189 2215 cum
1221 2143 1305 2215 Deo
1330 2143 1437 2216 Patre
1457 2144 1493 2215 in
1514 2144 1654 2216 unitate
1674 2145 1768 2216 eius-

486 2271 571 2344 dem
607 2269 766 2364 Spiritus
800 2268 914 2339 sancti
950 2268 1055 2340 Deus
1084 2293 1152 2364 per
1183 2267 1307 2341 omnia
1343 2267 1490 2340 saecula
1522 2267 1763 2344 saeculorum.

486 2397 620 2469 Amen.

426 2565 456 2614 15
599 2530 656 2596 16.
688 2523 764 2595 Hic
790 2523 900 2594 delur
925 2519 1086 2592 arenulas
1113 2547 1136 2590 n
1164 2522 1454 2616 metropolitano:

592 2649 732 2745 Accipe
760 2649 885 2744 regiae
913 2645 1104 2742 dignitatis
1134 2645 1327 2727 annulum,
1359 2662 1397 2718 et
1426 2672 1491 2741 per
1519 2646 1616 2720 hunc
1643 2646 1765 2720 catho-

484 2774 574 2848 licae
602 2774 687 2847 fidei
718 2775 752 2846 in
783 2791 819 2846 te
847 2796 1033 2868 cognosce
1063 2770 1312 2867 signaculum,
1344 2773 1430 2867 quia
1459 2789 1500 2846 ut
1527 2772 1764 2846 sicut'hodie

483 2901 662 2973 ordinaris
691 2914 802 2994 caput
823 2923 866 2970 ac
895 2897 1066 2992 princeps
1095 2897 1200 2992 regni
1220 2912 1258 2969 et
1278 2897 1415 2992 populi,
1438 2898 1488 2974 ita
1511 2898 1765 2994 perseverabis

481 3041 610 3097 auctor
627 3050 669 3097 ac
698 3023 879 3098 stabilitor
906 3021 1180 3096 christianitatis
1200 3037 1237 3094 et
1259 3022 1479 3096 christianae
1508 3023 1613 3110 fidei;
1643 3039 1681 3096 et
1699 3047 1764 3118 per

421 3187 454 3222 20
482 3149 578 3223 hunc
598 3151 692 3222 scias
712 3147 921 3244 triumphali
951 3148 1117 3243 potentia
1136 3147 1262 3220 hostes
1281 3147 1469 3244 repellere,
1501 3149 1675 3222 haereses
1702 3147 1764 3220 de·

481 3292 632 3360 struere,
655 3275 824 3348 subditos
843 3274 1063 3346 coadiuvare
1082 3289 1119 3346 et
1140 3273 1233 3346 necti
1263 3274 1551 3369 perseveralitati
1572 3272 1655 3377 (sic)
1679 3273 1763 3346 fidei

480 3400 691 3484 catholicae,
710 3417 750 3474 ut
769 3399 855 3473 lelix
875 3401 910 3472 in
931 3425 1054 3495 opere,
1078 3397 1242 3494 locuples
1262 3401 1297 3473 in
1319 3400 1402 3486 lide,
1420 3417 1460 3473 ut
1476 3403 1553 3498 (sic)
1573 3427 1656 3474 cum
1676 3425 1766 3496 rege

481 3553 611 3624 regum
644 3527 813 3624 glorieris
843 3528 878 3599 in
913 3526 1141 3600 aeternitate.
1182 3527 1251 3598 l'er
1284 3553 1370 3599 eum
1398 3528 1455 3600 cui
1485 3543 1542 3600 est
1577 3527 1696 3600 honor
1728 3543 1766 3598 et

480 3652 609 3746 gloria,
640 3679 707 3749 per
736 3653 878 3726 infinita
905 3650 1052 3724 saecula
1081 3650 1322 3726 saeculorum.
1353 3653 1488 3726 Arnen.

421 3823 452 3873 25
596 3799 651 3868 17.
693 3778 780 3850 Post
816 3777 901 3849 lraec
928 3803 951 3847 a
984 3777 1126 3850 domino
1162 3777 1426 3874 archiepiscopo
1460 3781 1615 3874 accipent
1648 3805 1763 3850 eraserit

480 3906 636 3982 debente:

588 4031 727 4126 Accipe
762 4029 927 4127 gladium
963 4055 1029 4125 per
1058 4053 1189 4100 manus
1225 4030 1408 4124 pontilicis
1449 4031 1533 4104 licet
1571 4031 1759 4128 indignas,

481 4158 557 4230 vice
593 4173 715 4230 tamen
745 4157 962 4229 auctoritate
991 4153 1072 4256 (sic)
1102 4171 1312 4228 sanctorum
1341 4157 1608 4253 Apostolorum
1636 4183 1764 4230 conse·

626 4439 649 4475 1.
671 4420 835 4474 libramine:
851 4420 1028 4474 liberamine.
1044 4421 1127 4474 Miss.
1150 4421 1174 4472 V
1177 4421 1211 4474 ic.
1224 4451 1258 4458 -
1271 4435 1298 4484 4.
1314 4421 1384 4474 Alia
1398 4421 1507 4474 orah'n:
1519 4419 1656 4487 Sequitur
1667 4421 1762 4474 mulio

550 4505 625 4558 alia:
647 4503 726 4556 hliss.
748 4502 810 4555 Vic.
829 4529 862 4543 -
880 4518 923 4555 21.
945 4501 1181 4567 perseveralitati:
1204 4501 1427 4566 perseverabiliti
1449 4501 1512 4570 (stc)
1533 4500 1616 4554 Miss.
1644 4501 1705 4555 Vir.
1729 4531 1760 4542 -

550 4591 592 4638 28.
611 4584 687 4636 vice:
710 4583 814 4635 invice
834 4583 920 4636 Miss.
949 4581 1010 4636 Vic.

527 4839 575 4898 15·
611 4819 689 4880 Ord.
724 4819 816 4878 Rom.
855 4836 931 4894 150,
966 4815 1051 4880 Men.
1086 4821 1163 4888 260,
1196 4815 1278 4878 Mur.
1313 4821 1395 4891 458,
1425 4812 1520 4876 Gerb.
1557 4833 1633 4893 107,
1666 4817 1758 4878 Mart.

479 4919 558 4980 Ord.
584 4919 623 4988 V,
650 4916 704 4977 Vl.

528 5022 575 5078 16.
601 5016 697 5077 Gerb.
728 5023 797 5084 108,
826 5015 917 5076 hlart.
945 5013 1023 5076 Ord.
1050 5013 1105 5074 Vl.

527 5134 574 5193 17.
600 5115 678 5175 Ord.
706 5115 797 5174 Rom.
828 5132 897 5190 150,
923 5113 1018 5174 Gerb.
1049 5130 1119 5189 107,
1146 5111 1237 5172 Mart.
1264 5111 1342 5174 Ord.
1368 5111 1422 5173 VI.
