4078 6126
473 527 522 576 132
725 512 930 567 APPENDIX
949 513 1006 564 AD
1027 510 1294 565 PONTIFICALE
1314 511 1425 564 SAEC.
1447 510 1498 565 IX.

469 759 558 832 dum
587 785 654 834 nec
684 785 758 833 non
794 760 1085 859 protegendum:
1117 761 1186 833 Per
1222 758 1409 832 Christum
1448 759 1653 834 Dominum
1688 786 1751 832 no·

470 903 597 972 strum,
619 887 682 983 qui
701 912 748 959 ex
767 887 1007 960 intemeratae
1026 887 1159 960 beatae
1180 885 1322 958 Mariae
1341 885 1506 981 Virginis
1527 884 1611 960 alvo
1635 886 1747 973 nasci,

469 1011 615 1084 visitare
637 1037 680 1084 ac
699 1037 877 1085 renovare
897 1027 955 1086 est
981 1011 1159 1108 dignatus
1195 1010 1291 1084 hunc
1312 1011 1502 1083 mundum.
1525 1011 1600 1105 Qui
1629 1028 1750 1085 tecum

468 1135 556 1210 vivit
587 1152 625 1211 et
652 1137 832 1235 gloriatur
865 1139 901 1210 in
930 1138 1072 1211 unitate
1106 1137 1265 1232 Spiritus
1294 1136 1410 1209 sancti
1448 1136 1565 1222 Deus,
1596 1162 1663 1233 per
1685 1137 1753 1208 im-

425 1304 440 1353 5
469 1261 636 1336 mortalia
664 1263 812 1338 saecula
840 1261 1083 1337 saeculorum.
1115 1262 1251 1335 Amen.

581 1415 614 1464 2.
651 1390 753 1462 Tunc
770 1391 884 1461 intret
899 1390 1088 1474 ecclesalam,
1113 1399 1148 1461 et
1158 1397 1376 1485 prosternat
1391 1415 1428 1460 se
1445 1397 1530 1460 ante
1556 1389 1676 1460 ellare
1703 1389 1757 1461 ad

466 1495 673 1601 orolronerh,
704 1523 739 1587 et
756 1524 843 1612 post
862 1515 1045 1611 pusillum
1072 1515 1117 1586 ob
1144 1515 1235 1611 ipsis
1263 1514 1380 1613 (lege:
1410 1515 1594 1610 episcopm)
1617 1515 1753 1586 elevata

467 1642 613 1714 inclinet
629 1650 739 1737 copul
753 1665 872 1726 suum,
893 1649 929 1712 el
944 1641 1233 1736 archiepiscopus
1254 1648 1531 1712 consecrarem
1550 1638 1613 1712 lroc
1630 1639 1753 1714 niodo:

578 1767 694 1852 Deus,
716 1766 778 1863 qui
808 1765 910 1839 solus
928 1765 1044 1839 habes
1063 1763 1373 1839 immortalitatem
1393 1765 1589 1863 lucemque
1608 1765 1753 1838 habitas

410 1923 441 1959 ιο
468 1891 769 1978 inaccessibilem,
790 1892 894 1965 cuius
913 1891 1144 1988 providentia
1173 1892 1289 1965 insui
1318 1891 1562 1988 dispositione
1592 1917 1665 1966 non
1688 1891 1754 1964 fal-

469 2019 563 2106 litur,
585 2020 649 2117 qui
670 2019 786 2092 fecisti
806 2043 967 2116 eaquae
997 2018 1118 2092 sutura
1146 2034 1243 2104 sunt,
1265 2035 1303 2091 et
1321 2043 1473 2092 revocas
1496 2044 1657 2114 eaquae
1678 2045 1751 2091 non

469 2162 556 2219 sunt
583 2162 773 2242 tamquam
802 2170 972 2242 eaquae
1001 2163 1097 2232 sunt,
1128 2147 1191 2243 qui
1221 2145 1403 2242 superbos
1435 2171 1558 2242 aequo
1587 2147 1753 2219 modera-

469 2273 568 2346 mine
582 2272 631 2346 de
649 2272 854 2369 principatu
870 2271 994 2358 deicis
1013 2290 1126 2371 atque
1145 2272 1303 2345 humiles
1321 2271 1522 2370 dignanter
1541 2272 1577 2344 in
1594 2272 1751 2345 sublime

470 2399 652 2496 provehis,
671 2397 894 2472 ineffabilem
914 2398 1201 2472 misericordiam
1216 2414 1316 2472 tuam
1338 2397 1524 2495 supplices
1538 2424 1749 2472 exoramus:

411 2556 440 2604 15
470 2540 511 2597 ut
546 2526 641 2599 sicut
679 2524 818 2597 Hester
848 2525 1015 2621 reginam
1049 2522 1291 2597 israheliticae
1319 2549 1402 2596 eam
1436 2524 1512 2620 (sic)
1547 2523 1675 2597 salutis
1703 2523 1750 2595 de

469 2649 690 2747 captivitatis
709 2674 800 2723 suae
818 2649 999 2745 compede
1019 2648 1177 2722 solutam
1193 2649 1240 2722 ad
1260 2649 1359 2746 regis
1374 2649 1528 2722 Assueri
1549 2648 1749 2723 thalamum

469 2773 650 2871 regnique
678 2774 734 2846 sui
762 2773 989 2846 consortium
1022 2773 1176 2846 transire
1210 2772 1341 2858 lecisti;
1371 2772 1421 2845 ita
1448 2772 1543 2846 hanc
1576 2771 1749 2846 famulam

468 2916 570 2973 tuam
590 2899 638 2972 ill.
659 2900 873 2973 humilitatis
902 2915 1050 2973 nostrae
1073 2899 1355 2988 bene†dictione
1383 2898 1603 2973 christianae
1631 2898 1750 2996 plebis

468 3025 587 3122 gratia
616 3025 755 3110 salutis
776 3024 824 3100 ad
847 3024 999 3122 dignam
1017 3024 1289 3122 sublimemque
1317 3025 1416 3122 regis
1436 3025 1550 3098 nostri
1579 3024 1749 3122 copulam

407 3188 441 3223 20
467 3166 506 3222 et
534 3150 639 3248 regni
659 3151 715 3223 sui
744 3151 975 3248 participium
995 3151 1150 3224 transire
1179 3149 1461 3224 misericorditer
1488 3151 1689 3224 concedas:
1714 3167 1751 3223 et

469 3292 509 3348 ut
529 3277 564 3348 in
589 3275 724 3374 regalis
745 3276 894 3351 loedere
916 3277 1079 3374 coniugii
1099 3302 1248 3374 semper
1266 3302 1489 3372 permanens
1509 3277 1652 3374 pudica,
1672 3302 1753 3373 pro·

468 3402 605 3475 ximam
623 3403 823 3500 virginitati
842 3403 1003 3500 palmam
1031 3403 1220 3476 continere
1248 3418 1371 3498 queat,
1394 3402 1535 3499 tibique
1565 3403 1650 3476 Deo
1668 3403 1751 3476 vivo

467 3544 506 3600 et
519 3554 608 3600 vero
623 3528 659 3600 in
680 3529 853 3601 omnibus
868 3545 906 3602 et
924 3554 1037 3626 super
1050 3529 1175 3602 omnia
1190 3529 1324 3625 iugiter
1338 3527 1482 3624 placere
1501 3529 1696 3614 desideret,
1714 3547 1752 3602 et

469 3669 506 3726 te
526 3653 728 3750 inspirante
747 3679 844 3752 quae
863 3655 928 3728 tibi
948 3653 1082 3751 placita
1110 3670 1197 3727 sunt
1218 3653 1428 3728 totocorde
1447 3653 1646 3750 perquirat,
1672 3678 1748 3751 per.

408 3819 440 3868 25
579 3801 613 3871 3.
637 3779 674 3852 T
669 3804 739 3852 unc
764 3791 876 3876 super
893 3780 1062 3876 scapulas
1083 3781 1211 3875 copr'lr's
1231 3779 1310 3878 (sic)
1329 3781 1408 3852 eius
1422 3779 1569 3876 sundal
1585 3779 1752 3852 dominus

468 3903 757 4000 archiepiscopus
774 3905 890 3976 oleum
908 3913 1073 3976 sanctum
1093 3903 1147 3976 ud
1169 3904 1315 3976 modum
1334 3904 1462 3986 eructi,
1484 3913 1519 3975 el
1544 3905 1643 3976 droul
1667 3905 1754 3977 lzacc

470 4029 597 4102 verbo:

577 4155 619 4227 ln
650 4155 800 4228 nomine
830 4156 947 4230 Patris
969 4172 1007 4230 et
1030 4155 1110 4229 Filii
1140 4171 1178 4230 et
1206 4156 1366 4251 Spiritus
1394 4157 1521 4244 sancti,
1553 4157 1670 4252 prosit
1687 4157 1752 4230 tibi

470 4281 560 4356 haec
588 4282 713 4355 unctio
741 4282 813 4356 olei
843 4283 878 4356 in
908 4283 1087 4357 honorem
1117 4300 1155 4356 et
1182 4282 1499 4356 consecrationem
1528 4300 1728 4358 aeternam.

407 4456 443 4505 30
577 4432 613 4500 4.
643 4408 820 4503 Sequitur
847 4409 984 4483 orolto:
1012 4409 1172 4504 Spiritus
1200 4408 1317 4482 sancti
1350 4407 1480 4504 gratia,
1513 4425 1661 4483 nostrae
1689 4409 1755 4483 hu·

470 4531 632 4605 militatis
660 4532 793 4618 officio,
825 4533 861 4605 in
891 4551 928 4607 te
956 4533 1108 4631 copiosa
1136 4533 1354 4622 descendat,
1386 4553 1427 4610 ut
1453 4537 1548 4609 sicut
1582 4537 1753 4610 manibus

470 4658 605 4731 nostris
624 4656 709 4731 licet
736 4658 899 4756 indignis
918 4658 1002 4734 oleo
1022 4659 1200 4733 materiali
1219 4659 1322 4733 linita
1345 4659 1559 4758 pinguescis
1578 4661 1749 4748 exterius,

519 4937 546 4979 2.
572 4917 649 4982 Ord.
676 4919 768 4981 Rom.
799 4939 868 4998 152,
894 4919 990 4981 Gerb.
1020 4939 1091 4998 109,
1117 4918 1195 4980 Ord.
1223 4920 1315 4981 Mart.
1341 4919 1397 4980 Vl.

517 5035 546 5092 3.
574 5018 658 5078 Men.
684 5022 758 5095 363,
785 5019 878 5080 Mart.
904 5019 982 5080 Ord.
1008 5020 1047 5082 V.

517 5135 547 5190 4.
573 5114 651 5176 Ord.
677 5117 770 5176 Rom.
800 5135 870 5194 152,
895 5117 991 5179 Gerb.
1022 5137 1091 5193 109,
1119 5118 1210 5179 Mart.
1237 5118 1315 5180 Ord.
1341 5117 1396 5179 Vl.
