4084 6128
914 507 1060 562 PONTIF
1063 506 1181 562 ICALE
1207 507 1316 561 SAEC.
1345 505 1396 560 IX.

621 783 683 851 44.
715 757 951 831 Posl'Amen
979 756 1077 829 {lr'rnl
1102 755 1316 828 ordz'nator:

624 884 810 957 Dominus
845 882 1055 968 vobiscum;
1085 889 1201 976 resp:
1231 881 1389 952 Etcum
1419 880 1546 976 spiritu
1577 897 1652 954 tuo.

621 1009 675 1081 Et
698 1009 780 1081 ille:
808 1007 964 1080 Sursum
992 1007 1121 1092 corda;
1150 1015 1268 1102 resp:
1296 1006 1490 1079 Habemus
1510 1005 1557 1078 ad
1579 1005 1795 1078 Dominum.

621 1137 675 1207 Et
700 1135 782 1208 ille:
810 1132 959 1208 Gratias
992 1157 1149 1231 agamus
1187 1131 1352 1204 Domino
1383 1133 1467 1204 Deo
1497 1147 1642 1216 nostr0;
1679 1140 1773 1226 resp.
1786 1161 1799 1202 .·

469 1304 484 1353 5
515 1262 684 1359 Dignum
713 1277 751 1334 et
780 1261 916 1334 iustum
945 1276 1013 1333 est.

620 1389 718 1462 Vere
737 1387 893 1485 dignum
913 1402 951 1459 et
967 1387 1103 1459 iustum
1126 1403 1193 1472 est,
1215 1410 1376 1480 aequum
1399 1400 1438 1456 et
1456 1383 1625 1465 salutare,
1649 1407 1718 1454 nos
1733 1381 1798 1454 tibi

513 1541 660 1612 semper
675 1531 713 1588 et
724 1514 862 1609 ubique
874 1512 1013 1609 gratias
1028 1535 1151 1608 agere,
1176 1511 1339 1583 Domine
1354 1525 1490 1595 sancte,
1511 1509 1619 1582 Pater
1632 1508 1801 1605 omnipo·

512 1660 605 1728 tenS,
627 1657 777 1715 aeterne
803 1640 909 1712 Deus
928 1637 1110 1711 honorum
1130 1637 1306 1722 omnium,
1331 1637 1436 1710 Deus
1456 1635 1621 1708 omnium
1641 1635 1798 1731 dignita-

512 1784 600 1854 tum,
619 1793 715 1864 quae
730 1765 870 1863 gloriae
887 1781 971 1838 tuae
987 1763 1137 1837 sacratis
1151 1761 1372 1836 famulantur
1387 1761 1588 1835 ordinibus.
1600 1761 1716 1845 Deus,
1734 1760 1797 1856 qui

452 1939 484 1974 10
514 1895 671 1990 Moysen
694 1890 870 1965 famulum
900 1907 1002 1962 tuum
1023 1889 1152 1962 secreti
1183 1886 1369 1962 familiaris
1395 1888 1526 1962 aflectu
1557 1888 1652 1960 inter
1676 1902 1799 1960 cetera

512 2019 680 2094 caelestis
695 2019 918 2091 documenta
932 2015 1106 2102 culturae,
1128 2016 1176 2088 de
1192 2015 1318 2089 babitu
1339 2041 1489 2112 quoque
1509 2014 1714 2087 indumenti
1744 2039 1801 2086 sa-

511 2144 706 2220 cerdotalis
726 2144 932 2228 instituens,
954 2141 1112 2216 electum
1133 2142 1259 2215 Aaron
1281 2142 1434 2236 mystico
1449 2141 1582 2214 amictu
1603 2139 1727 2214 vestiri
1748 2141 1798 2212 in-

513 2290 568 2347 ter
590 2272 703 2346 Sacra
719 2269 874 2354 iussisti;
904 2285 945 2342 ut
964 2266 1229 2365 intelligentiae
1254 2293 1404 2340 sensum
1435 2267 1482 2339 de
1503 2264 1681 2363 exemplis
1702 2265 1799 2361 prio·

512 2423 593 2470 rum
622 2411 771 2493 caperet
797 2411 967 2468 secutura
995 2393 1201 2489 posteritas
1234 2418 1280 2466 ne
1309 2392 1465 2466 eruditio
1493 2392 1682 2465 doctrinae
1711 2408 1797 2466 tuae

452 2559 482 2608 15
512 2523 573 2597 ulli
602 2523 752 2596 deesset
778 2521 900 2606 aetati,
923 2545 1006 2593 cum
1031 2536 1069 2593 et
1096 2519 1196 2615 apud
1224 2534 1368 2592 veteres
1391 2517 1632 2592 reverentiam
1653 2517 1733 2614 ipsa
1752 2518 1797 2590 si-

511 2649 790 2748 gnificationum
819 2647 962 2745 species
990 2646 1183 2730 obtineret,
1214 2661 1252 2718 et
1270 2646 1370 2742 apud
1400 2671 1468 2718 nos
1496 2645 1652 2720 certiora
1670 2661 1799 2718 essent

512 2775 764 2873 experimenta
792 2799 912 2847 rerum
942 2797 1053 2869 quam
1082 2772 1295 2868 aenigmata
1323 2770 1535 2868 figurarum.
1569 2771 1669 2845 Illius
1693 2796 1793 2845 nam-

512 2928 586 2999 que
615 2901 808 2974 sacerdotii
831 2898 1024 2973 anterioris
1044 2896 1201 2982 babitus,
1225 2913 1372 2970 nostrae
1392 2899 1525 2971 mentis
1545 2914 1697 2971 ornatus
1720 2913 1797 2980 est;

512 3044 551 3100 et
578 3025 825 3125 pontificalem
848 3024 1014 3123 gloriam,
1047 3049 1120 3096 non
1156 3023 1226 3095 iam
1258 3023 1364 3096 nobis
1402 3022 1521 3114 bonor
1561 3023 1799 3098 commendat

451 3194 484 3230 20
512 3154 681 3238 vestium,
713 3151 779 3225 sed
812 3149 989 3248 splendor
1019 3145 1295 3244 animan1m;*)
1325 3149 1412 3245 quia
1440 3166 1478 3223 et
1498 3149 1557 3223 illa
1585 3175 1682 3246 quae
1711 3166 1798 3223 tunc

512 3279 717 3354 carnalibus
746 3277 1030 3352 blandiebantur
1057 3276 1258 3373 optutibus,
1290 3301 1334 3349 ea
1361 3277 1484 3373 potius
1516 3302 1612 3372 quae
1642 3276 1677 3348 in
1708 3275 1798 3372 ipsis

511 3423 616 3481 erant
653 3404 895 3504 intelligenda
922 3404 1138 3500 poscebant.
1178 3402 1227 3475 Et
1263 3401 1396 3475 idcirco
1431 3401 1514 3474 huic
1553 3399 1691 3474 famulo
1732 3417 1797 3473 tuo

513 3534 559 3606 N.
591 3558 703 3630 quem
731 3531 779 3604 ad
807 3531 940 3604 summi
970 3527 1173 3601 Sacerdotii
1204 3527 1444 3600 ministerium
1483 3526 1639 3624 elegisti,
1685 3525 1791 3610 hanc,

511 3684 748 3756 quaesumus
782 3655 954 3741 Domine,
985 3654 1142 3752 gratiam
1175 3650 1352 3750 largiaris
1384 3669 1425 3725 ut
1453 3651 1634 3749 quidquid
1658 3649 1719 3724 illa
1738 3677 1796 3724 ve-

449 3813 481 3862 25
511 3783 648 3858 lamina
667 3783 702 3855 in
724 3781 868 3878 fulgore
888 3779 976 3864 auri,
1004 3779 1039 3851 in
1062 3777 1181 3850 nitore
1204 3801 1449 3874 gemmarum,
1473 3777 1508 3849 in
1534 3774 1657 3850 multis
1676 3775 1798 3848 modis

511 3909 633 4007 operis
661 3907 837 3982 varietate
867 3904 1076 4001 signabant,
1107 3901 1176 3975 hoc
1206 3901 1241 3973 in
1272 3901 1351 3974 eius
1380 3901 1543 3974 moribus
1575 3900 1795 3996 actibusque

511 4037 697 4111 clarescat.
729 4028 886 4127 Comple
923 4029 959 4102 in
990 4027 1191 4102 Sacerdote
1227 4043 1291 4101 tuo
1322 4027 1369 4099 N.
1408 4027 1569 4122 mysterii
1608 4026 1658 4100 tui
1695 4051 1797 4098 sum-

654 4319 680 4368 8.
703 4315 782 4369 Deus
802 4315 979 4368 honorum...
994 4329 1084 4380 quae:
1102 4313 1191 4373 Deus,
1207 4312 1300 4364 honor
1312 4311 1442 4366 omnium
1458 4311 1642 4377 dignitatum,
1660 4325 1744 4377 quae.
1759 4309 1792 4362 C.

583 4427 617 4434 -
637 4413 663 4463 9.
684 4412 774 4463 quae:
795 4412 873 4450 corr.
893 4412 950 4449 ex:
967 4410 1065 4460 quem.
1087 4421 1122 4431 -
1143 4409 1185 4445 10.
1206 4392 1326 4446 affectu:
1347 4391 1444 4446 affatu.
1472 4394 1505 4446 C.
1527 4421 1561 4432 -·
1582 4407 1624 4456 ¹5·
1652 4400 1680 4444 et
1699 4390 1792 4458 apud:

582 4477 671 4545 apud.
692 4477 725 4532 C.
745 4507 780 4517 -
800 4485 927 4530 veteres:
956 4491 1034 4528 corr.
1064 4491 1103 4528 cx
1132 4473 1245 4527 veteris.
1275 4503 1310 4512 -
1332 4487 1374 4538 17.
1405 4489 1545 4540 namque:
1567 4473 1659 4540 suppl.
1682 4471 1711 4524 in
1730 4475 1794 4524 actu

582 4556 756 4627 scrrbttbnis,
772 4557 883 4625 parlim
902 4562 963 4624 sup.
985 4555 1036 4609 lin.
1057 4585 1092 4594 -
1112 4569 1155 4618 25.
1176 4553 1205 4606 in
1225 4553 1323 4607 multis
1342 4553 1451 4608 modis:
1473 4553 1501 4607 in
1523 4551 1711 4606 multimodis.
1732 4553 1766 4605 C.

560 4845 611 4902 44.
637 4823 715 4885 Ord.
741 4824 835 4885 Rom.
865 4839 941 4896 110,
967 4837 1038 4896 117,
1064 4818 1161 4878 Leon.
1187 4835 1261 4894 422,
1287 4814 1356 4877 Gel.
1384 4821 1445 4894 625
1471 4810 1572 4900 (151'),
1599 4816 1683 4876 Men.
1719 4833 1791 4891 225.

516 4925 599 4986 Mur.
626 4941 700 5000 357,
724 4941 799 4999 439,
817 4927 891 4998 448,
918 4917 1006 4979 Miss.
1028 4916 1139 4978 Franc.
1159 4919 1232 4992 671,
1259 4915 1352 4976 Mart.
1370 4915 1448 4976 Ord.
1469 4914 1508 4984 ll,
1528 4913 1585 4984 111,
1605 4913 1660 4984 lV,
1677 4913 1717 4982 V,
1736 4913 1793 4977 Vl.

514 5020 546 5108 ⁹⁵)
569 5021 603 5084 S.
629 5018 819 5081 Ambrosius
836 5018 867 5079 in
883 5019 971 5098 epist.
996 5015 1041 5077 ad
1065 5015 1283 5076 Vercellensem
1307 5013 1479 5074 Ecclesiam
1508 5010 1540 5095 (l.
1565 5033 1591 5073 c.
1613 5031 1642 5072 n.
1674 5009 1728 5094 59)
1752 5011 1795 5070 vi·

513 5122 607 5183 detur
628 5118 771 5182 alludere
793 5117 833 5178 ad
857 5117 934 5178 haec
956 5115 1063 5176 verba.
