4084 6128
523 513 563 552 xx
1048 497 1276 550 PRAEFATIO

525 615 1062 625 ———-——-————-—-—--
1072 615 1342 622 --———---——
1352 613 1406 624 ο-
1430 615 1802 624 -·—--—---—.-—-——.

521 747 585 820 luti
615 749 858 842 praeparatio
890 747 1067 821 lectiones
1087 765 1124 820 et
1148 773 1275 844 preces
1302 749 1633 844 praemittebantur
1661 773 1705 819 ex
1735 764 1802 818 tra-

522 873 661 946 ditione
691 875 843 954 iudaica‚
878 891 915 946 et
946 875 1099 946 Missam
1137 875 1484 948 catechumenorum
1514 875 1801 959 constituebant)

522 1025 656 1097 nempe
684 1001 928 1096 precationem
956 1017 993 1072 et
1019 1001 1227 1080 orationem,
1260 999 1329 1073 hae
1357 1027 1485 1074 revera
1518 1019 1557 1073 ut
1586 998 1803 1072 essentiales

522 1145 646 1222 partes
681 1127 971 1223 uniuscuiusque
1006 1125 1232 1199 Sacramenti
1267 1146 1303 1200 et
1333 1126 1607 1200 sacramentalis
1643 1127 1732 1198 ritus
1767 1125 1801 1196 in

522 1253 685 1349 antiquis
727 1251 998 1347 pontificalibus
1040 1251 1392 1347 deprehenduntur:
1436 1269 1475 1325 at
1515 1251 1723 1324 audiendus
1767 1251 1801 1320 in

523 1376 651 1474 primis
681 1379 759 1473 ipse
789 1377 1042 1474 Augustinus:
1072 1377 1185 1449 «Sed
1216 1377 1315 1472 eligo
1344 1379 1380 1450 in
1410 1378 1466 1450 his
1495 1378 1616 1448 verbis
1650 1375 1718 1447 hoc
1753 1376 1802 1446 in-

530 1501 745 1600 «telligere
773 1503 874 1598 quod
895 1504 1015 1575 omnis
1037 1502 1094 1574 uel
1125 1529 1220 1598 pene
1250 1505 1370 1575 omnis
1401 1503 1610 1600 frequentat
1637 1500 1800 1580 ecclesia.

529 1647 607 1704 «ut
627 1632 852 1727 precabimur
879 1631 1101 1725 accipiamus
1130 1629 1256 1712 dictas
1283 1655 1376 1725 quas
1407 1628 1558 1700 iacimus
1585 1629 1619 1698 in
1644 1627 1804 1699 celebra·

530 1756 669 1828 «tione
692 1757 1026 1837 Sacramentorum,
1057 1771 1258 1851 antequam
1295 1753 1397 1837 illud,
1436 1754 1536 1851 quod
1567 1770 1624 1825 est
1660 1753 1695 1826 in
1727 1755 1802 1824 Do-

529 1880 654 1952 «mini
685 1905 828 1959 mensa.
862 1880 1008 1975 incipiat
1037 1881 1222 1953 benedici:
1252 1882 1431 1952 orationes
1458 1906 1541 1952 cum
1575 1880 1804 1952 benedicitur

529 2033 546 2074 r<
567 2023 605 2078 et
632 2004 879 2078 sanctificatur
897 2023 935 2077 et
953 2005 999 2077 ad
1028 2006 1323 2077 distribuendum
1342 2005 1612 2078 comminuitur.
1635 2035 1651 2072 »
1680 2007 1728 2077 Et
1747 2031 1804 2076 re-

522 2155 609 2203 vera
636 2133 752 2202 oralia
778 2140 889 2224 super
917 2130 1044 2212 obluta,
1076 2157 1172 2226 quae
1201 2147 1238 2203 et
1256 2141 1389 2202 ,recreta
1418 2130 1465 2202 ab
1488 2130 1567 2202 aliis
1588 2132 1700 2208 audit.
1717 2141 1803 2227 pre-

522 2257 670 2329 cationis
698 2256 878 2329 rationem
907 2254 1036 2328 habet:
1068 2256 1096 2326 si
1126 2282 1213 2328 vero
1244 2257 1365 2328 Canon
1395 2257 1536 2327 ril'r'ssne
1569 2256 1714 2352 integer
1747 2283 1802 2329 ac-

522 2383 693 2477 cipiatur,
730 2383 781 2455 uti
817 2397 896 2452 erat
933 2381 968 2452 in
1007 2382 1193 2476 primaeva
1230 2381 1458 2454 institutione
1500 2397 1700 2476 antequam
1744 2382 1778 2452 di

521 2507 637 2578 versis
671 2506 852 2601 partibus,
891 2507 995 2578 novis
1027 2506 1288 2579 accedentibus
1320 2506 1561 2578 caeremoniis
1599 2523 1637 2578 et
1673 2506 1800 2602 signis,

524 2631 823 2728 distingueretur,
846 2659 943 2730 quae
963 2631 1098 2704 deinde
1124 2633 1311 2728 proprium
1342 2657 1476 2704 nomen
1507 2632 1807 2708 habuerunttin-

511 2757 586 2851 sra
615 2783 792 2840 cannnem,
824 2775 905 2834 etc..
942 2758 1102 2852 perfecte
1131 2758 1332 2851 respondet
1360 2759 1520 2828 orationi
1544 2757 1648 2852 cujus
1677 2759 1805 2852 Augu-

524 2882 642 2954 stinus
672 2883 847 2955 meminit.

633 3007 718 3079 Non
748 3007 907 3079 diffiteor
936 3008 1086 3078 nomina
1114 3007 1248 3103 quibus
1277 3007 1346 3080 bae
1375 3008 1471 3081 duae
1502 3027 1625 3106 partes
1653 3011 1701 3082 ab
1730 3011 1804 3081 An·

526 3131 677 3228 gustino
697 3131 890 3204 distinctae
918 3133 1171 3228 designantur,
1198 3133 1342 3205 diversa
1373 3135 1405 3204 in
1437 3135 1590 3207 dirersis
1617 3135 1805 3206 codicibus

523 3274 664 3340 extare;
695 3257 759 3329 sed
790 3284 848 3330 res
878 3258 927 3330 ita
956 3283 995 3330 se
1024 3257 1145 3336 habet.
1173 3274 1212 3330 ut
1240 3258 1288 3330 nil
1317 3260 1441 3332 obstet
1469 3261 1667 3356 quominus
1687 3261 1803 3356 prima

524 3409 609 3480 pars
637 3383 789 3456 alicuius
818 3385 907 3457 ritus
936 3386 1061 3466 orabo,
1093 3401 1131 3457 et
1157 3383 1358 3481 aliquando
1385 3387 1573 3480 praefatio
1609 3384 1802 3477 (vocabulo

523 3535 634 3583 sensu
664 3511 815 3583 omnino
844 3511 988 3582 diverso
1018 3511 1064 3582 ab
1093 3509 1273 3582 hodierno
1309 3522 1489 3607 sunrpto);
1528 3513 1691 3584 secunda
1723 3539 1804 3583 corz-

521 3636 682 3716 serrnlr'o,
714 3633 771 3706 vel
791 3634 977 3706 benedictii)
1001 3651 1160 3720 vocetur,
1192 3662 1288 3732 quae
1317 3636 1517 3733 aliquando
1546 3639 1803 3732 praescribitur

521 3759 679 3831 dicenda
696 3759 834 3831 excelsa
855 3786 940 3838 voce,
974 3760 1069 3832 idest
1088 3761 1219 3832 eodem
1251 3761 1377 3838 modo,
1400 3788 1475 3858 quo
1499 3761 1677 3835 hodierna
1697 3789 1803 3859 prae-

523 3883 627 3966 satio,
659 3885 775 3979 prima
804 3911 889 3980 pars
917 3886 1069 3958 canonis
1093 3887 1215 3965 totius.
1238 3888 1389 3960 canitur.
1424 3889 1527 3961 Haec
1549 3889 1652 3962 facile
1675 3890 1804 3984 depre-

521 4008 735 4083 henduntur
763 4035 835 4082 non
867 4011 978 4083 modo
1003 4012 1037 4082 in
1058 4012 1183 4084 codice
1214 4031 1350 4096 nostro,
1376 4040 1433 4086 ex.
1464 4040 1518 4108 gr.
1542 4016 1577 4088 in
1606 4015 1801 4087 ordinato-

522 4133 636 4215 m'brts,
660 4135 693 4206 in
714 4137 972 4207 corrsecrnlr'one
1009 4136 1216 4228 Vr'rgrirnm.
1249 4155 1286 4209 et
1315 4139 1544 4211 bencdictione
1562 4167 1716 4236 regrum
1735 4140 1801 4213 sed

523 4259 559 4330 in
588 4261 669 4354 ipso
693 4261 988 4334 Sacramentario
1009 4263 1243 4359 Gregoriano
1263 4289 1285 4336 a
1311 4265 1488 4339 Muratori
1509 4267 1611 4339 edito
1628 4263 1688 4364 (cs.
1716 4271 1798 4358 184.

524 4405 609 4476 245,
644 4407 715 4476 357
748 4403 786 4458 et
814 4413 904 4484 seq..
936 4411 1010 4478 417
1043 4406 1079 4461 et
1108 4393 1202 4485 seq.)
1233 4391 1281 4463 ita
1310 4409 1350 4463 ut
1380 4395 1469 4466 ritus
1502 4395 1650 4488 synaxis
1681 4395 1803 4467 Litur-

521 4511 605 4605 giae
625 4510 672 4582 ab
692 4511 796 4584 initio
816 4512 926 4584 veluti
948 4530 1056 4609 typus
1076 4513 1229 4586 aliorum
1251 4517 1383 4590 rituum
1406 4519 1724 4591 sacramentalium
1744 4519 1800 4590 vel

521 4634 650 4706 saltem
683 4635 942 4710 nonnullorum
974 4637 1091 4711 suerit.

627 4761 667 4832 Si
683 4761 909 4835 doctioribus
929 4763 1019 4836 haec
1040 4789 1123 4837 mea
1143 4769 1326 4842 sententia
1347 4769 1502 4865 probata
1521 4769 1674 4849 videtur,
1699 4769 1801 4842 facile

519 4900 574 4958 tot
602 4887 692 4958 ritus
720 4904 757 4959 et
776 4887 925 4961 ordines
944 4888 991 4961 ad
1012 4915 1116 4962 suam
1138 4893 1319 4988 originem
1343 4895 1464 4968 reduci
1495 4913 1659 4991 possent.
1683 4897 1731 4968 Et
1751 4922 1802 4968 re·

517 5036 614 5096 vera,
641 5037 708 5084 eae
731 5012 857 5108 partbs
876 5041 972 5110 quae
992 5032 1204 5088 constanter
1222 5036 1416 5092 occurrunt
1436 5021 1470 5092 in
1496 5021 1650 5093 diversis
1681 5021 1802 5094 Eccle-
