4078 6126
907 533 1173 587 1‘0N'1·11··1anF,
1198 534 1307 588 SAEC.
1336 533 1388 586 IX.

1050 1226 1253 1298 ORATIO

510 1387 783 1522 noune
825 1385 1370 1493 nuoucrzn'mu
1414 1384 1489 1488 m
1533 1357 1772 1489 oouo

622 1665 652 1712 1.
684 1641 860 1712 Exorcizo
890 1657 935 1725 te,
966 1655 1132 1713 ereatura
1160 1664 1290 1736 aquae,
1322 1639 1358 1713 in
1388 1639 1536 1713 nomine
1568 1640 1639 1711 Dei
1671 1639 1788 1712 Patris

510 1765 784 1862 omnipotentia,
816 1765 917 1837 etin
948 1764 1096 1838 nomine
1120 1762 1232 1860 jhesu
1264 1763 1399 1838 Christi
1430 1763 1509 1836 Filii
1534 1763 1614 1836 eius
1636 1764 1786 1836 Domini

466 1909 480 1958 5
512 1892 643 1966 nostri:
674 1907 713 1963 ut
741 1891 808 1963 fias
836 1915 934 1987 aqua
965 1890 1169 1965 exorcizata
1203 1890 1251 1965 ad
1280 1890 1518 1988 effugandam
1547 1914 1696 1962 omnem
1725 1915 1790 1985 po·

511 2034 681 2092 testatem
711 2016 854 2101 inimici,
886 2032 923 2089 et
951 2016 1071 2112 ipsum
1101 2016 1285 2089 inimicum
1315 2016 1499 2089 eradicare
1519 2031 1557 2089 et
1575 2013 1787 2111 explantare

510 2170 592 2218 cum
621 2142 765 2240 angelis
794 2142 870 2216 suis
897 2141 1120 2239 apostaticis,
1153 2167 1227 2238 per.

620 2297 652 2344 2.
682 2271 923 2343 Erorcr'snms
944 2269 1034 2341 salr's
1051 2278 1086 2340 cl
1111 2294 1236 2364 aquae,
1262 2267 1530 2342 bertcdiccndum
1553 2269 1650 2366 (siclz

618 2397 794 2470 Exorcizo
817 2412 863 2481 te,
889 2411 1054 2468 creatura
1074 2392 1170 2479 salis,
1192 2419 1258 2491 per
1279 2395 1401 2467 Deum
1422 2395 1555 2478 vivum,
1578 2419 1644 2490 per
1665 2396 1786 2468 Deum

452 2549 483 2584 10
512 2539 689 2607 sanctum,
712 2547 778 2619 per
802 2522 925 2594 lleum
946 2521 1058 2594 totius
1077 2535 1275 2606 creaturae,
1298 2520 1361 2616 qui
1382 2537 1418 2592 te
1438 2545 1504 2616 per
1523 2519 1687 2594 Eliseum
1708 2545 1789 2616 pro·

512 2649 661 2746 phetam
678 2649 713 2722 in
734 2673 869 2745 aquam
886 2648 977 2721 mitti
999 2648 1114 2732 iussit,
1132 2663 1173 2720 ut
1190 2663 1337 2721 sanaret
1356 2645 1514 2732 steriles;
1536 2648 1598 2743 qui
1618 2673 1686 2744 per
1702 2672 1788 2744 apo-

512 2775 648 2850 stolum
678 2774 831 2848 Paulum
851 2773 972 2847 dicere
991 2773 1168 2871 dignatus
1187 2789 1259 2846 est:
1281 2773 1328 2846 sit
1347 2799 1409 2846 cor
1427 2789 1589 2846 vestrum
1610 2773 1686 2848 sale
1705 2799 1788 2847 con·

512 2903 648 2986 ditum;
680 2901 838 2997 ideoque
867 2900 1011 2974 efficere
1040 2899 1092 2974 sal
1121 2900 1365 2973 exorcizatum
1393 2900 1441 2974 ad
1469 2901 1724 2974 evacuandum
1752 2917 1789 2974 et

513 3026 772 3124 expellendum
803 3026 1005 3110 inimicum,
1037 3051 1261 3122 omnemque
1289 3025 1460 3099 virtutem
1489 3042 1527 3099 et
1555 3025 1787 3123 putredinem

453 3182 482 3231 15
512 3155 602 3228 eius.
623 3155 663 3226 ln
685 3153 833 3226 nomine
850 3151 1001 3224 Domini
1023 3152 1136 3224 nostri
1153 3150 1265 3246 Jhesu
1287 3139 1433 3237 Christi,
1451 3153 1512 3248 qui
1529 3168 1705 3226 venturus
1719 3169 1786 3226 est.

621 3305 654 3373 3.
685 3280 778 3352 Alia
806 3280 944 3352 oratio:
974 3279 1089 3363 Deus,
1120 3278 1183 3374 qui
1212 3275 1435 3351 adsalutem
1464 3277 1613 3352 humani
1641 3281 1789 3376 generis

512 3410 671 3483 maxima
698 3430 870 3504 quaeque
898 3419 1128 3477 sacramenta
1156 3403 1192 3475 in
1222 3428 1401 3498 aquarum
1431 3403 1637 3477 substantia
1665 3405 1789 3478 condi-

511 3535 607 3621 disti,
638 3533 768 3606 adesto
798 3529 1089 3603 invocationibus
1126 3529 1277 3613 nostriS,
1308 3546 1346 3601 et
1373 3527 1559 3602 elemento
1587 3529 1671 3602 huic
1700 3529 1790 3603 mul·

513 3659 660 3734 timodis
697 3655 1011 3754 purificationibus
1049 3672 1267 3750 praeparato
1304 3655 1476 3728 virtutem
1517 3672 1603 3730 tuae
1641 3656 1789 3730 benedi-

451 3808 485 3844 20
512 3786 643 3860 ctionis
677 3782 842 3858 effunde:
880 3796 921 3853 ut
955 3797 1121 3854 creatura
1156 3779 1317 3875 mysterii
1354 3781 1405 3854 tui
1441 3781 1505 3855 tibi
1542 3783 1706 3856 serviens
1740 3785 1789 3856 ad

512 3910 738 3985 abiiciendos
765 3908 978 3991 daemones
1009 3906 1234 4002 morbosque
1254 3904 1456 4002 pellendos,
1483 3907 1629 3982 divinae
1648 3911 1789 4007 gratiae

514 4053 635 4110 sumat
666 4033 854 4108 eflectum:
886 4049 926 4105 ut
953 4031 1128 4129 quicquid
1166 4032 1201 4104 in
1235 4031 1408 4104 domibus
1437 4033 1473 4104 in
1501 4031 1591 4106 locis
1619 4033 1789 4108 fidelibus

512 4162 602 4236 haec
632 4159 732 4233 unda
760 4159 983 4256 resperserit,
1005 4173 1127 4230 careat
1152 4156 1386 4244 inmundicia,
1417 4157 1592 4232 liberetur
1617 4183 1640 4232 a
1667 4161 1787 4235 noxia.

515 4290 601 4362 Non
631 4284 700 4359 illic
730 4285 890 4359 resideat
917 4283 1066 4381 spiritus
1094 4280 1282 4378 pestilens
1314 4308 1388 4357 non
1416 4309 1505 4357 aura
1533 4309 1787 4382 corrumpens;

452 4433 483 4482 25
513 4411 705 4486 discedant
738 4435 869 4485 omnes
904 4407 1057 4482 insidiae
1090 4405 1237 4480 latentis
1271 4409 1424 4495 inimici;
1460 4426 1498 4483 et
1532 4411 1561 4483 si
1597 4411 1686 4507 quid
1719 4427 1786 4499 est,

513 4539 614 4637 quod
643 4555 707 4611 aut
735 4535 973 4610 incolumitati
997 4531 1239 4605 habitantium
1264 4535 1401 4608 invidet
1425 4551 1489 4608 aut
1517 4536 1642 4632 quieti,
1668 4562 1789 4634 asper-

657 4784 699 4821 21.
715 4767 905 4822 abiiciendos:
922 4784 998 4821 corr¹
1013 4783 1052 4820 ea·
1068 4763 1242 4820 abiciendos¹
1263 4795 1280 4803 -
1306 4781 1349 4816 22.
1370 4773 1477 4816 sumat:
1499 4779 1576 4817 corr.
1596 4781 1635 4818 cu·
1654 4775 1787 4820 summat.

564 4989 588 5028 r.
609 4969 692 5028 Pam.
708 4973 781 5044 464.
800 4969 883 5027 lllen.
900 4985 973 5041 255,
989 4966 1071 5029 hlur.
1089 4985 1159 5042 225,
1174 4965 1269 5026 Gerb.
1285 4971 1341 5042 65:
1355 4965 1409 5030 csr.
1423 4986 1491 5045 sup.
1507 4987 1537 5046 p.
1556 4987 1584 5044 4,
1603 4988 1632 5028 n.
1649 4987 1666 5045 5
1681 4979 1711 5029 et
1723 4987 1787 5047 seq.

562 5085 588 5126 2.
607 5064 677 5129 Cel.
704 5085 766 5143 739
791 5069 892 5140 (2⁸6),
920 5065 1002 5124 hlen.
1030 5083 1102 5140 233,
1130 5064 1211 5124 hlur.
1240 5084 1310 5141 225,
1337 5064 1432 5125 Gerb.
1460 5071 1510 5142 65.

560 5184 588 5240 3.
607 5163 676 5224 Gel.
704 5173 765 5242 73⁸
791 5167 892 5241 (285),
912 5163 996 5222 Pam.
1016 5167 1089 5238 4⁶4·
1109 5164 1193 5222 Men.
1222 5183 1293 5240 255,
1314 5164 1395 5224 llur.
1417 5184 1488 5241 225,
1510 5165 1595 5226 Sacr.
1614 5164 1696 5226 Gall.
1715 5185 1787 5243 953,

515 5262 610 5323 (ierb.
638 5267 688 5340 65.
