4084 6128
521 543 631 597 ORDO
651 544 707 598 AD
728 545 950 600 ECCLESIAM
972 543 1242 600 DEDICANDAM
1488 553 1520 604 19

350 814 412 883 40.
448 792 617 866 Collecta:
649 793 899 891 Omnipotens
926 793 1136 868 dominator
1165 791 1321 879 Christe,
1352 817 1428 890 quo
1456 819 1518 867 se-

239 916 401 990 cundum
420 917 719 1016 adsumptionem
737 921 857 993 carnis
876 919 1083 994 dormiente
1103 920 1138 992 in
1159 919 1253 1004 navi,
1279 918 1367 992 dum
1388 919 1519 993 oborta

238 1057 442 1139 tempestas
470 1069 571 1119 mare
598 1045 865 1132 conturbasset,
888 1061 925 1119 te
945 1046 1112 1142 protinus
1131 1045 1290 1120 excitato
1314 1047 1518 1141 imperante

236 1167 464 1243 dissolvitur:
495 1186 533 1244 tu
564 1171 846 1245 necessitatibus
870 1169 996 1268 populi
1026 1173 1078 1246 tui
1114 1172 1300 1269 benignus
1329 1197 1498 1245 succurre
1508 1199 1515 1257 ;

237 1311 277 1366 tu
318 1293 388 1369 hoc
424 1296 645 1371 tinnibulum
681 1300 796 1372 sancti
833 1298 993 1395 Spiritus
1030 1323 1112 1373 rore
1140 1297 1331 1396 perfunde,
1362 1314 1403 1371 ut
1430 1313 1517 1371 ante

236 1420 398 1493 sonitum
436 1420 532 1495 illius
559 1448 707 1520 semper
737 1424 866 1522 sugeat
903 1393 1090 1512 inimicus:
1129 1425 1302 1498 invitetur
1328 1423 1376 1498 ad
1405 1423 1515 1497 fidem

236 1545 397 1643 populus
415 1546 649 1636 christianus:
679 1548 821 1624 hostilis
849 1567 1029 1625 terreatur
1056 1551 1254 1638 exercitus;
1290 1549 1517 1624 confortetur

236 1671 273 1745 in
295 1673 459 1749 Domino
477 1701 543 1773 per
561 1701 645 1750 eum
666 1676 827 1774 populus
844 1694 1029 1764 evocatus,
1051 1693 1163 1774 atque
1183 1677 1339 1752 davitica
1366 1677 1515 1772 cythara

233 1796 438 1873 delectatus
472 1800 635 1898 desuper
670 1802 873 1878 descendat
908 1803 1067 1901 Spiritus
1110 1821 1275 1878 sanctus:
1320 1821 1432 1901 atque
1474 1821 1515 1878 ut

235 1922 436 1999 Samuhele
462 1927 644 2025 crinigero
673 1953 813 2027 agnum
849 1945 1031 2003 mactante
1065 1931 1101 2002 in
1129 1928 1395 2017 holocaustum,
1433 1932 1514 2004 Rex

233 2051 373 2124 aeterni
403 2052 555 2150 imperii,
586 2053 732 2152 fragore
760 2080 942 2141 aurarum,
967 2057 1111 2131 turbam
1141 2055 1301 2154 reppulit
1319 2057 1516 2131 adversan-

234 2191 325 2264 tem;
356 2177 405 2252 ita
434 2178 522 2252 dum
558 2178 667 2254 huius
694 2181 831 2255 vasculi
865 2182 1007 2257 sonitus
1042 2185 1173 2258 transit
1199 2209 1266 2281 per
1292 2181 1427 2269 nubila,
1458 2209 1515 2257 ec·

195 2285 200 2293 ¹
233 2301 367 2378 clesiae
391 2323 614 2381 conventum
642 2332 794 2382 munere
829 2324 950 2382 servet
985 2308 1172 2406 angelic0;
1210 2308 1335 2406 fruges
1363 2309 1510 2384 creden·

233 2428 334 2516 tium,
369 2448 514 2508 mentes
546 2450 584 2507 et
618 2457 774 2531 corpora
807 2433 925 2509 salvet
958 2437 1138 2533 protectio
1172 2437 1406 2533 sempiterna,
1446 2463 1513 2533 per

234 2553 449 2632 Dominum.

443 2684 519 2758 AD
548 2685 996 2762 CONSECRANDAM
1026 2687 1295 2762 PATENAM.

337 2833 401 2902 41.
432 2809 705 2887 Consecramus
742 2830 780 2888 et
816 2814 1087 2888 sanctificamus
1127 2813 1221 2888 hanc
1250 2831 1423 2912 patenam
1461 2813 1509 2888 ad

229 2935 497 3011 conficiendum
520 2938 557 3012 in
582 2964 628 3012 ea
655 2963 789 3036 corpus
819 2939 971 3013 Domini
1001 2939 1115 3014 nostri
1140 2939 1253 3036 jhesu
1283 2939 1418 3014 Christi
1447 2964 1511 3037 pa·

372 3247 397 3288 1.
417 3248 492 3301 quo:
514 3249 571 3288 ma.
580 3232 742 3302 posteriori
752 3233 871 3286 correct.
885 3247 925 3286 ex
938 3230 1000 3284 cui:
1022 3231 1052 3285 in
1072 3232 1108 3285 B:
1129 3231 1196 3299 qui,
1217 3231 1256 3285 C:
1271 3231 1327 3285 cui.
1343 3261 1374 3270 —
1397 3247 1421 3285 2.
1443 3229 1508 3284 dor-

301 3312 416 3367 mienti:
438 3331 495 3369 nra.
511 3318 620 3382 poster.
640 3331 719 3368 corr.
745 3312 915 3367 dormiente.
937 3343 970 3351 —
990 3312 1105 3366 oborta:
1127 3312 1235 3367 aborta.
1257 3314 1290 3366 C.
1311 3341 1345 3354 -
1363 3329 1390 3378 3.
1411 3327 1505 3364 mare:

301 3395 399 3449 maria.
429 3397 452 3448 B
481 3397 514 3450 C.
538 3425 574 3435 —
598 3395 808 3450 conturbasset:
839 3409 857 3446 n
885 3392 1026 3460 supplevit
1049 3409 1076 3446 1.
1105 3408 1162 3446 ma.
1190 3398 1279 3461 siphra
1307 3393 1358 3446 lin.
1388 3391 1418 3444 in
1445 3394 1508 3445 actu

300 3474 473 3544 sm'ptionis.
494 3507 528 3516 -
547 3492 574 3542 4.
595 3475 772 3529 dissolvitur:
802 3472 942 3528 dissolvit.
964 3475 985 3526 B
1005 3475 1038 3527 C.
1059 3501 1093 3514 —
1117 3489 1143 3538 5.
1164 3473 1351 3526 tinnibulum:
1375 3471 1509 3525 tintinna-

300 3554 410 3610 bulum.
432 3558 454 3609 B
473 3557 506 3612 C.
528 3588 560 3596 —
575 3560 602 3610 6.
623 3557 733 3623 lugeat:
755 3555 854 3622 fugiat.
870 3556 902 3608 Β.
924 3585 957 3594 -
978 3569 1002 3618 7.
1025 3554 1182 3607 exercitus:
1203 3571 1259 3608 mn.
1277 3554 1308 3607 B.
1330 3581 1364 3594 -
1383 3557 1410 3607 8.
1424 3569 1506 3606 eum:

301 3635 380 3690 illud.
401 3638 434 3691 B.
455 3668 489 3677 —
502 3646 588 3704 atque
607 3635 730 3690 davitica
741 3637 870 3704 cythara:
884 3643 970 3702 atque
989 3633 1061 3687 sicut
1079 3651 1164 3701 super
1182 3633 1333 3688 daviticam
1353 3634 1507 3701 cytharam.

301 3717 374 3772 BC.
396 3748 430 3758 —-
451 3734 494 3772 10.
524 3717 694 3772 samuhele:
714 3735 741 3772 2.
767 3734 824 3771 ma.
844 3714 914 3770 aab:
932 3715 962 3768 iu
982 3715 1045 3769 BC
1073 3714 1220 3769 Samuhel.
1241 3743 1275 3757 -
1304 3714 1458 3782 crinigero:
1488 3731 1507 3766 o

299 3814 356 3852 ma.
379 3798 443 3852 dub.
465 3799 495 3853 in
516 3815 597 3859 ras.,·
618 3801 656 3853 C:
677 3797 859 3864 crinigerum.
880 3825 914 3838 -
934 3804 1089 3850 mactante:
1104 3812 1182 3850 corr.
1201 3813 1258 3850 cx:
1271 3803 1451 3849 mactantem.
1474 3824 1507 3833 -

300 3878 514 3933 holocaustum:
534 3886 596 3948 sup.
610 3881 661 3933 rell.
681 3895 701 3932 o
718 3895 776 3932 ma.
796 3879 859 3932 dieb.
879 3894 945 3940 um:
966 3878 1004 3929 B:
1031 3877 1243 3939 holocaustum,
1273 3878 1310 3930 C:
1340 3875 1508 3929 holocausto

300 3967 359 4012 tuo.
379 3989 414 3999 -
436 3962 532 4014 Rex...
560 3959 773 4014 adversantem:
795 3968 855 4020 tuo,
875 3975 925 4011 rex
953 3967 1077 4018 aeterne,
1104 3957 1234 4024 imperio,
1255 3957 1349 4024 fragor
1376 3971 1508 4009 aurarum
1545 3939 1557 3964 ⁰

299 4040 410 4094 turbam
429 4041 554 4108 reppulit
564 4039 786 4102 adversantium,
803 4041 839 4093 B:
861 4055 910 4092 rex
925 4037 1031 4092 aeterni
1048 4037 1168 4104 imperii,
1189 4037 1283 4104 fragor
1301 4052 1433 4091 aurarum
1451 4045 1510 4089 tur-

300 4119 365 4174 bam
385 4122 491 4188 repulit
503 4121 713 4176 adversantem.
733 4123 766 4175 C.
782 4136 873 4174 -11.
894 4119 1019 4186 fragore:
1040 4137 1057 4172 e
1076 4119 1140 4172 add.
1161 4135 1218 4172 mu.
1239 4117 1302 4172 dub.
1317 4148 1351 4157 -
1367 4134 1409 4170 12.
1421 4115 1506 4169 dum:

300 4216 356 4256 om.
376 4203 410 4256 C.
431 4233 466 4242 —
484 4202 609 4256 sonitus:
630 4219 645 4256 1
664 4219 721 4256 ma.
744 4218 822 4254 corr.
842 4217 882 4254 ex
900 4199 1036 4254 sonitum.
1057 4228 1091 4241 -
1110 4199 1223 4254 transit:
1251 4206 1384 4252 transeat.
1413 4199 1446 4250 C.
1476 4227 1508 4234 -

302 4297 344 4348 13.
372 4299 506 4336 munere:
533 4300 564 4337 re
582 4300 640 4336 ma.
660 4281 724 4336 dub.
755 4283 784 4334 in
803 4298 923 4335 rasura:
941 4280 971 4334 in
1001 4281 1022 4333 B
1044 4282 1199 4334 Cmanus.
1220 4308 1254 4321 —
1273 4279 1416 4346 angelico:
1447 4293 1466 4330 o
1493 4293 1508 4329 1

299 4379 356 4416 ma.
378 4363 408 4416 in
433 4380 556 4418 rasura:
573 4363 605 4417 in
625 4365 646 4416 B
666 4365 699 4416 C.
725 4362 863 4428 angelica.
884 4392 919 4405 -
940 4377 982 4427 14.
1007 4378 1059 4428 per
1084 4360 1255 4414 Dominum:
1287 4361 1340 4413 Per
1366 4367 1395 4411 te
1420 4357 1508 4426 jhesu

301 4443 423 4506 Christe,
437 4444 488 4511 qui
507 4461 572 4498 cum
593 4445 674 4497 Patre
687 4451 715 4496 et
728 4441 835 4509 Spiritu
854 4451 953 4496 sancto
971 4441 1043 4494 vivis
1062 4450 1092 4495 et
1110 4457 1212 4508 regnas
1231 4442 1320 4502 Deus,
1341 4455 1392 4506 per
1412 4437 1510 4492 omnia

300 4524 413 4578 saecula
433 4525 624 4579 saeculorum.
644 4525 750 4578 Arnen.
773 4525 825 4586 B.;
846 4523 902 4590 Qui
926 4522 998 4575 vivis
1020 4531 1048 4576 et
1066 4538 1178 4587 regnas,
1200 4532 1255 4576 etc.
1276 4523 1309 4574 C.
1329 4547 1364 4562 —
1376 4533 1418 4584 17.
1435 4519 1511 4571 Con·

301 4619 477 4660 secramus...
497 4605 562 4672 qui:
583 4604 614 4659 in
632 4605 661 4656 B
677 4605 775 4659 eadem
793 4603 851 4656 ulio
878 4603 980 4658 ordine
1002 4602 1147 4670 disposita,
1168 4603 1201 4655 ul
1220 4600 1390 4656 romaniani
1414 4597 1513 4652 ordini

301 4701 357 4751 seq.
377 4685 408 4739 in
425 4685 524 4739 calicis
542 4685 742 4740 benedictione:
763 4685 895 4746 Oremus,
917 4684 1015 4737 iratres
1033 4681 1199 4745 charissimi,
1220 4691 1252 4736 ut
1270 4681 1384 4734 divinae
1403 4677 1510 4746 gratiae

277 4971 329 5031 40.
352 4953 449 5020 Gerb.
473 4959 526 5032 63,
551 4953 646 5016 Mart.
671 4949 750 5012 Ord.
776 4948 800 5020 l,
827 4947 885 5013 lll.

277 5051 412 5128 41.Gel.
431 5058 491 5115 611
512 5055 614 5131 (134),
625 5049 722 5112 Gerb.
734 5067 784 5124 50,
804 5047 887 5109 Men.
910 5065 979 5124 151,
998 5047 1082 5108 Pam.
1103 5061 1176 5123 425,
1196 5043 1284 5112 hliss.
1302 5045 1413 5112 Franc.
1436 5051 1509 5126 678,

234 5145 327 5212 Mart.
346 5149 424 5215 Ord.
449 5151 473 5220 l,
500 5151 540 5222 ll,
568 5148 623 5209 lll.
