4078 6126
486 473 520 525 70
884 461 1151 515 PONTIFICALE
1175 459 1286 514 SAEC.
1315 460 1367 514 lx.

485 736 552 785 nec
582 708 693 784 lsrael
721 709 877 785 dimitto.
911 710 1055 808 Urgeat
1083 707 1195 796 illum,
1224 707 1397 794 Domine,
1428 707 1581 782 dextera
1609 721 1674 782 tua
1702 733 1766 806 po·

483 853 566 911 tens
594 835 784 909 discedere
803 860 826 908 a
846 833 991 909 famulis
1010 835 1093 919 tuis,
1117 860 1163 908 ne
1182 833 1320 907 diutius
1347 850 1562 930 praesumat
1579 834 1763 931 captivum

484 978 611 1036 tenere
651 961 839 1036 hominem
875 986 988 1058 quem
1023 976 1062 1034 tu
1099 959 1146 1034 ad
1184 959 1385 1057 imaginem
1420 974 1521 1033 tuam
1557 959 1677 1034 lacere
1708 959 1764 1032 di·

483 1104 621 1186 gnatus
650 1113 702 1161 es.

440 1242 456 1294 s
590 1211 735 1285 Adiuro
763 1229 799 1286 te
818 1236 921 1310 ergo,
952 1236 1107 1308 serpens
1135 1210 1298 1308 antique,
1329 1237 1395 1307 per
1423 1210 1580 1285 iudicem
1599 1211 1763 1284 vivorum

484 1354 522 1412 et
549 1352 788 1424 mortuorum,
814 1361 881 1434 per
900 1335 1075 1411 factorem
1095 1334 1234 1421 mundi,
1256 1360 1426 1431 pereum
1449 1336 1512 1432 qui
1532 1336 1645 1410 habet
1664 1352 1766 1432 pote·

485 1477 617 1537 statem
647 1463 791 1536 mittere
820 1479 857 1536 te
885 1463 921 1537 in
950 1461 1173 1560 gehennam,
1195 1476 1236 1534 ut
1260 1459 1308 1533 ab
1337 1460 1407 1534 hoc
1436 1459 1574 1534 famulo
1596 1460 1679 1546 Dei,
1701 1461 1763 1557 qui

484 1588 532 1662 ad
561 1587 749 1662 Ecclesiae
770 1589 842 1662 Dei
871 1587 1055 1685 praesidia
1073 1585 1265 1671 concurrit,
1289 1612 1372 1660 cum
1392 1603 1492 1660 metu
1513 1587 1694 1661 exercitus
1714 1587 1730 1658 s
1753 1630 1765 1641 ·

485 1714 576 1788 roris
604 1713 656 1788 tui
686 1713 841 1788 sestinus
868 1713 1050 1788 discedas.
1081 1713 1225 1787 Adiuro
1253 1729 1301 1798 te,
1327 1736 1401 1786 non
1431 1737 1514 1787 mea
1542 1712 1761 1797 infirmitate,

426 1877 458 1914 ιο
485 1839 551 1914 sed
572 1839 607 1912 in
628 1839 760 1912 virtute
781 1837 940 1934 Spiritus
968 1839 1103 1925 sancti;
1133 1853 1174 1911 ut
1200 1838 1351 1911 desinas
1369 1837 1417 1911 ab
1445 1837 1513 1924 his,
1535 1864 1631 1934 quos
1649 1838 1766 1911 omni·

485 1981 619 2062 potens
641 1966 747 2038 Deus
765 1964 813 2038 ad
833 1964 1033 2063 imaginem
1059 1989 1162 2038 suam
1190 1963 1286 2039 lecit.
1317 1964 1431 2050 Cede,
1452 1963 1558 2050 cede,
1583 1989 1656 2039 non
1677 1965 1763 2038 mihi

485 2090 551 2164 sed
571 2091 752 2187 mysteriis
774 2088 926 2164 Christi:
945 2088 1039 2163 illius
1058 2106 1095 2164 te
1110 2107 1245 2188 urguet
1258 2105 1434 2186 potestas,
1457 2089 1519 2187 qui
1539 2105 1576 2164 te
1595 2089 1765 2189 adfigens

484 2215 580 2289 cruci
612 2239 701 2288 suae
732 2213 960 2312 subiugavit:
983 2213 1077 2288 illius
1096 2214 1285 2288 brachium
1305 2229 1557 2289 contremesce
1581 2211 1674 2314 (nb),
1700 2215 1762 2312 qui

484 2340 619 2414 debitis
639 2339 839 2438 gemitibus
868 2339 998 2413 inferni
1027 2340 1169 2413 animas
1197 2339 1244 2412 ad
1272 2339 1391 2413 lucem
1420 2339 1602 2436 produxit.

426 2494 456 2544 ιε
591 2465 649 2539 Sit
676 2465 741 2539 tibi
770 2482 887 2539 terror
912 2490 1047 2562 corpus
1075 2465 1253 2552 hominis;
1281 2441 1332 2538 sit
1355 2465 1419 2538 tibi
1454 2464 1611 2539 formido
1640 2464 1765 2562 imago

488 2592 578 2678 Dei;
600 2618 668 2666 nec
688 2593 848 2679 resistas
876 2618 943 2666 nec
964 2593 1116 2667 moreris
1130 2591 1323 2666 discedere
1343 2591 1391 2665 ab
1410 2589 1570 2677 homine,
1588 2591 1764 2688 quoniam

485 2717 705 2814 complacuit
734 2718 883 2792 Christo
911 2733 952 2791 ut
980 2719 1016 2792 in
1045 2717 1194 2792 homine
1223 2717 1419 2792 habitaret:
1450 2733 1488 2791 et
1516 2743 1564 2791 ne
1584 2742 1643 2791 me
1666 2716 1766 2790 inhr-

487 2844 691 2917 nrissimum
709 2844 1023 2918 contemnendum
1052 2859 1171 2940 putes
1203 2843 1292 2917 dum
1318 2869 1377 2916 me
1397 2859 1627 2940 peccatorem
1657 2842 1765 2916 nimis

486 2993 570 3042 esse
598 2970 803 3067 cognoscis.
828 2970 989 3066 imperat
1009 2969 1073 3043 tibi
1100 2967 1303 3056 Dominus;
1333 2969 1489 3066 imperat
1506 2967 1571 3041 tibi
1592 2967 1764 3042 maiestas

425 3126 458 3162 20
487 3093 640 3183 Christi;
671 3094 826 3192 imperat
854 3095 918 3168 tibi
948 3094 1134 3168 Dominus
1164 3095 1281 3180 Pater,
1314 3094 1469 3190 imperat
1497 3093 1561 3167 tibi
1582 3092 1706 3174 Filius.
1728 3107 1767 3166 et

487 3219 646 3316 Spiritus
675 3237 840 3307 sanctus;
865 3222 1021 3318 imperat
1039 3221 1104 3294 tibi
1134 3220 1227 3294 fides
1245 3219 1498 3317 apostolorum
1528 3221 1642 3294 sancti
1669 3217 1764 3293 Petri

486 3361 525 3418 et
561 3343 663 3418 Pauli
698 3362 736 3419 et
767 3363 996 3420 caeterorum
1029 3345 1303 3443 apostolorum;
1341 3347 1497 3443 imperat
1532 3345 1596 3418 tibi
1631 3342 1764 3418 indul-

486 3469 613 3568 gentia
635 3471 908 3559 confessorum
930 3473 1085 3568 imperat
1113 3472 1178 3545 tibi
1199 3488 1398 3568 martyrum
1417 3473 1588 3570 sanguis;
1610 3471 1767 3568 imperat

486 3596 551 3671 tibi
587 3615 855 3673 sacramentum
892 3597 1027 3684 crucis;
1065 3598 1220 3695 imperat
1254 3598 1318 3672 tibi
1355 3598 1610 3694 mysteriontm
1638 3598 1764 3671 virtus.

426 3761 458 3812 25
488 3723 556 3796 Exi
587 3739 847 3823 transgressor,
877 3725 935 3798 exi
964 3724 1146 3810 seductor,
1166 3723 1276 3823 plene
1303 3724 1404 3798 omni
1432 3723 1520 3799 dolo
1547 3740 1586 3797 et
1613 3721 1763 3808 fallacia,

486 3851 649 3925 veritatis
664 3851 818 3939 inimice,
837 3851 1068 3926 innocentiae
1083 3867 1306 3948 persecutor.
1325 3851 1387 3924 Da
1404 3847 1536 3936 locum,
1553 3849 1764 3933 durissime;

486 3975 693 4062 dalocum,
724 3977 949 4074 impiissime,
980 3978 1028 4052 da
1058 3977 1179 4052 locum
1200 3976 1359 4063 Christo,
1381 3975 1417 4049 in
1447 4000 1524 4073 quo
1553 3975 1640 4050 nihil
1670 3976 1768 4049 inve·

487 4100 570 4175 nisti
600 4101 648 4176 de
675 4103 850 4199 operibus
877 4103 968 4190 tuis;
997 4103 1060 4201 qui
1089 4120 1126 4177 te
1145 4102 1353 4200 expoliavit,
1384 4103 1446 4200 qui
1477 4127 1633 4201 regnum
1661 4118 1765 4176 tuum

486 4227 676 4314 destruxit,
706 4229 769 4326 qui
798 4244 835 4302 te
863 4229 1024 4302 vinctum
1059 4227 1187 4327 ligavit
1222 4243 1260 4301 et
1291 4253 1380 4302 vasa
1414 4244 1478 4302 tua
1505 4228 1672 4326 disrupit,
1702 4227 1765 4324 qui

423 4381 459 4431 30
486 4368 523 4426 te
542 4351 697 4450 projecit
716 4353 752 4427 in
772 4353 945 4428 tenebras
964 4353 1176 4439 exteriores,
1207 4353 1269 4426 ubi
1299 4351 1363 4426 tibi
1383 4377 1465 4426 cum
1495 4351 1670 4426 ministris
1693 4352 1766 4426 tuis

486 4479 555 4552 erit
582 4495 823 4577 praeparatus
852 4479 1030 4554 interitus.
1062 4478 1138 4553 Sed
1167 4478 1256 4575 quid
1277 4503 1383 4563 nunc,
1415 4475 1636 4564 turbulente,
1668 4502 1767 4552 reco-

486 4603 606 4702 gitas?
634 4605 723 4702 quid
752 4605 944 4680 temerarie
972 4603 1168 4680 retractas?

632 4923 656 4962 α.
678 4906 840 4962 discedere:
861 4923 938 4963 corr.
955 4925 994 4963 ex
1007 4907 1126 4963 discere.
1142 4937 1176 4946 -
1189 4909 1215 4961 8.
1237 4906 1394 4974 praesidia:
1415 4905 1454 4972 id,
1470 4923 1526 4962 rna.
1536 4911 1645 4975 poster.
1661 4906 1691 4962 in
1703 4923 1763 4962 ras.

558 5019 592 5028 —-
613 4992 655 5042 18.
676 4987 934 5044 contemnendum:
955 5007 1034 5044 corr.
1054 5006 1108 5044 ex:
1126 4987 1401 5054 contempnendum.
1423 5019 1457 5028 -
1477 5003 1520 5055 25.
1545 4997 1763 5056 transgressum

557 5087 575 5122 2
593 5085 615 5123 r.
636 5071 726 5137 suppl.
747 5071 785 5124 ol.
807 5087 863 5124 mo.
885 5071 968 5126 inter.
990 5073 1056 5137 get
1072 5087 1098 5123 e.
