4084 6128
788 531 1014 586 PRAEFATIO
1465 549 1540 590 ntur

262 649 425 658 ——-——
454 647 559 653 -.——
574 647 947 656 ...Ἦ-ῳ

370 781 474 852 llaec
493 779 663 876 liturgiae
683 781 953 854 Ambrosianae
974 782 1130 866 traditio,
1149 781 1187 884 a)
1214 807 1311 878 quae
1330 783 1541 878 antiquissi-

261 931 358 980 mam
372 904 548 978 ecclesiae
564 904 793 1001 disciplinam
809 905 988 980 Silvestro
1004 909 1231 1004 superiorem
1248 909 1354 1004 sapit,
1373 913 1428 1006 (ut
1442 909 1540 982 enim

260 1030 470 1103 rilerrordus
489 1030 525 1102 in
547 1046 634 1103 nota
652 1029 700 1103 ad
720 1031 1055 1106 Sacramentarium
1076 1033 1349 1131 Gregorianum
1370 1034 1538 1120 advertit,

260 1157 456 1253 scriptores
476 1154 653 1228 Silvestro
672 1156 910 1253 antiquiores
934 1158 1078 1231 unicam
1098 1160 1310 1232 unctionem
1335 1158 1541 1233 chrismatis

261 1299 346 1378 post
375 1281 605 1377 Baptismum
634 1298 978 1368 commemorantes
1005 1285 1151 1357 nonnisi
1171 1285 1219 1357 de
1240 1284 1541 1358 Confirmationis

330 1583 357 1647 a)
373 1582 468 1636 liuius
479 1583 655 1656 Sacraprerrti
676 1583 799 1650 primunr
816 1585 1039 1641 IIetliolaneusis
1053 1586 1198 1640 Ecclesiae
1211 1586 1416 1640 documentum
1431 1604 1537 1656 suppe-

259 1672 332 1726 ditat
350 1674 381 1726 S.
402 1672 574 1726 Ambrosius
593 1671 621 1726 in
641 1689 694 1726 suo
713 1673 786 1727 libro
806 1677 851 1729 Dc
870 1675 1032 1742 mysteriis:
1050 1675 1108 1738 ubi,
1138 1676 1183 1728 his
1207 1676 1361 1743 expositis,
1382 1694 1458 1744 quae
1476 1688 1541 1744 post

262 1761 442 1829 uapusmaus
465 1763 613 1816 lavacrum
632 1765 851 1830 peragebantur,
879 1783 993 1832 nempe,
1020 1765 1118 1820 unctio
1137 1766 1247 1832 capitis,
1275 1769 1336 1834 (nn.
1359 1769 1451 1832 29-30)
1472 1767 1541 1820 lotio

260 1852 366 1920 pedum
386 1853 447 1919 (nn.
468 1854 562 1918 31-33l
587 1861 615 1905 et
634 1853 749 1906 traditio
772 1855 934 1909 vestimenti
961 1855 1075 1909 candidi
1102 1857 1164 1924 (nn.
1186 1872 1220 1922 34
1242 1865 1270 1909 et
1294 1858 1379 1923 sequ,
1407 1873 1465 1910 non
1491 1857 1542 1910 ob·

259 1958 342 1996 scure
367 1941 459 1994 innuit
478 1943 553 2009 (cap.
581 1943 657 2005 vlt,
685 1960 714 1997 n.
742 1957 775 2010 37
801 1953 829 1998 et
854 1947 948 2013 seqq.)
974 1945 1190 1998 Sacramentum
1215 1945 1448 2000 Confirmatiouis
1474 1955 1540 2000 ante

260 2032 351 2098 ipsam
367 2031 590 2085 Eucharisticam
604 2033 836 2087 communionem
851 2035 1004 2102 neophytis
1017 2051 1068 2101 per
1081 2052 1183 2088 manus
1197 2035 1411 2102 impositionem
1427 2045 1456 2090 et
1468 2037 1542 2091 chri-

257 2120 358 2174 smatis
376 2120 540 2174 unctionem
554 2123 591 2174 ab
606 2122 750 2189 Episcopo
764 2122 850 2177 luisse
870 2124 1071 2186 ministratum,
1094 2132 1124 2178 ut
1138 2125 1224 2178 etiam
1238 2125 1285 2178 alii
1307 2127 1403 2179 Patres
1423 2126 1538 2188 docent,

259 2229 295 2264 ex
315 2227 375 2276 gn:
400 2210 533 2277 Cyrr’llus,
550 2213 659 2266 Cateclr.
674 2223 757 2279 myst,
776 2213 846 2272 ΙΙΙ,·
865 2214 1067 2276 Tertullianus,
1085 2215 1119 2269 de
1137 2215 1223 2282 Bapl.
1238 2231 1263 2268 c.
1285 2217 1370 2276 VIII,
1391 2224 1420 2269 et
1433 2217 1539 2282 passim

258 2301 294 2354 de
311 2302 435 2354 Resurr.
458 2300 582 2364 curuis..
597 2302 671 2355 etde
688 2304 883 2370 praescript:
901 2303 1126 2366 Amlrosioster,
1144 2305 1179 2358 de
1196 2305 1327 2359 Sacrum.
1349 2305 1367 2359 I.
1391 2307 1447 2368 III,
1463 2323 1491 2360 u.
1512 2311 1539 2360 8.

259 2389 318 2443 Sed
337 2389 488 2443 audiamus
507 2389 601 2456 ipsum
621 2392 807 2445 Ambrosium
830 2394 874 2460 (de
892 2393 1012 2460 Myster.
1034 2409 1057 2447 c.
1080 2393 1160 2460 III).

332 2499 347 2530 s
361 2480 450 2534 Vides
463 2480 709 2547 quemadmodum
723 2483 873 2550 (Ecclesia)
887 2482 1027 2536 delectata
1040 2501 1159 2538 munere
1171 2485 1326 2551 gratiamur
1340 2486 1540 2554 (baptismatis)

261 2591 276 2622 c
290 2569 326 2624 ad
339 2570 474 2624 interiora
483 2570 561 2638 cupit
575 2571 709 2639 mysteria
721 2573 880 2638 pervenire,
895 2583 923 2626 et
933 2590 1034 2626 omnes
1047 2591 1147 2627 sensus
1157 2591 1225 2628 suos
1235 2591 1400 2630 consecrare
1410 2577 1537 2630 Christo!

261 2679 276 2709 a
291 2659 395 2713 Adhuc
413 2660 534 2728 quaerit,
549 2660 644 2714 adhuc
656 2661 774 2716 suscitat
787 2662 963 2725 charitatem,
976 2673 1004 2717 et
1017 2663 1145 2717 suscitari
1159 2664 1212 2716 sibi
1233 2681 1296 2718 eam
1311 2666 1436 2732 poscit...
1453 2666 1540 2720 Unde

261 2769 276 2798 a
292 2749 432 2803 Dominus
444 2750 527 2817 Jesus
541 2759 568 2803 et
582 2749 643 2816 ipse
657 2751 792 2804 invitatus
805 2761 901 2805 tantae
912 2753 1008 2806 studio
1027 2753 1217 2808 charitatis...
1233 2753 1301 2807 dicit
1315 2753 1350 2807 ad
1366 2755 1538 2809 Ecclesiam:

261 2859 276 2889 a
292 2841 368 2894 Poue
377 2857 422 2892 me
434 2843 467 2892 ul
476 2839 655 2906 signaculum
668 2841 698 2894 iu
711 2844 859 2904 cortuum,
872 2845 904 2894 ut
914 2842 1044 2910 sz'gillum
1058 2843 1087 2896 iu
1100 2843 1248 2896 bruchium
1258 2847 1336 2897 trurm
1348 2852 1435 2914 (cant.
1450 2846 1537 2904 VIII,

261 2951 276 2980 ς
291 2946 317 2982 ν.
338 2931 365 2992 6)
386 2929 440 2983 hoc
453 2938 506 2990 est,
521 2929 625 2982 decora
638 2945 678 2992 ες,
694 2930 825 2996 prordnra
844 2947 917 2992 mea,
937 2939 998 2984 tota
1016 2931 1140 2985 formosa
1153 2949 1193 2992 es,
1210 2932 1280 2986 nihil
1293 2933 1344 2986 tibi
1357 2932 1448 2987 deest.
1464 2935 1542 2987 Pone

262 3039 276 3067 «
291 3035 334 3073 me
352 3022 385 3071 ul
401 3020 581 3087 signaculum
594 3019 625 3072 iu
638 3036 688 3072 cor
701 3022 779 3072 tuum
798 3037 857 3086 quo
871 3019 941 3074 fides
960 3029 1009 3074 tua
1028 3021 1115 3087 pleno
1129 3021 1235 3088 fulgeat
1248 3032 1436 3077 sacramento.
1454 3023 1540 3078 Unde

261 3117 387 3175 «repete
406 3109 475 3176 quia
496 3109 629 3176 accepisti
649 3109 829 3174 signaculum
843 3110 985 3176 spiritale,
1007 3111 1138 3177 spiritum
1158 3113 1315 3178 sapientiae
1328 3121 1356 3166 et
1369 3113 1538 3174 intellectus,

263 3217 277 3246 «
291 3197 421 3264 spiritum
441 3197 550 3252 consilii
571 3208 657 3265 atque
676 3198 797 3260 virtutis,
819 3199 949 3265 spiritum
969 3199 1141 3265 cognitionis
1160 3210 1246 3268 atque
1265 3202 1388 3268 pietatiS,
1409 3202 1540 3268 spititum

264 3308 279 3336 a
292 3287 381 3342 sancti
399 3286 511 3342 timoris
530 3288 609 3356 (lsai.
628 3290 680 3350 XI,
703 3291 745 3355 2);
766 3298 795 3343 et
807 3306 889 3342 serva
901 3290 981 3356 quod
996 3289 1144 3356 accepisti:
1160 3290 1283 3356 signavit
1302 3299 1330 3344 te
1351 3293 1429 3345 Deus
1448 3293 1538 3354 Pater,

265 3377 470 3431 «continuavit
489 3385 517 3431 te
536 3378 666 3432 Christus
688 3379 839 3442 Dominus,
855 3390 883 3433 et
902 3379 981 3433 dedit
995 3381 1100 3446 pignus
1113 3380 1234 3446 SpIritus
1254 3381 1282 3434 in
1302 3381 1436 3434 cordibus
1449 3380 1539 3435 tuis...

264 3485 279 3516 a
295 3466 348 3519 His
366 3467 464 3520 abluta
483 3469 564 3535 plebs
582 3468 663 3521 dIves
683 3469 844 3534 insignibus
864 3470 901 3522 acl
920 3469 1025 3523 Christi
1044 3469 1191 3523 contendit
1209 3471 1317 3532 altaria,
1339 3479 1423 3524 etc.»

333 3558 377 3610 En
397 3557 458 3625 ipsa
478 3559 564 3612 verba
582 3576 657 3626 quae
673 3569 812 3613 occurunt
832 3561 860 3613 in
880 3560 1009 3614 oratione
1030 3577 1082 3626 pro
1094 3560 1318 3614 Confirmatione
1337 3561 1365 3614 in
1385 3559 1541 3614 Gelasiano

263 3647 320 3705 ted.
343 3648 417 3701 hlur.
439 3663 487 3713 571
509 3657 537 3701 et
557 3651 620 3715 596)
639 3659 667 3702 et
687 3649 866 3715 Gregoriano
886 3651 959 3718 (65);
980 3667 1055 3717 quae
1073 3649 1174 3712 oratio,
1202 3667 1267 3704 cum
1287 3659 1421 3718 appareat
1440 3650 1540 3703 similis

263 3737 313 3800 illi,
331 3753 406 3804 quae
419 3738 564 3804 praecedit
583 3739 761 3793 inunctione
780 3740 940 3793 chrismatis
958 3739 989 3793 in
1001 3739 1125 3801 cerem,
1144 3740 1287 3794 censenda
1300 3749 1342 3794 est
1356 3739 1541 3806 amplificatio

262 3828 346 3882 unius
365 3829 504 3882 formulae
519 3829 747 3897 antiquissimae,
760 3830 881 3892 invecta,
901 3830 1019 3897 quaudo
1038 3838 1193 3896 coeperunt
1213 3830 1368 3898 presbyteri
1389 3829 1540 3884 chrismate

262 3917 343 3971 ltnire
358 3918 529 3985 neophytos,
544 3918 710 3972 absentibus
723 3919 876 3986 episcopis.
891 3919 949 3973 Sed
962 3919 998 3972 ad
1013 3919 1233 3974 Ambrosianum
1247 3919 1430 3974 traditionem
1444 3936 1540 3973 rursus

263 4006 419 4060 veniamus.

336 4097 556 4150 Distinctionem
572 4098 656 4150 huius
670 4099 844 4152 Sacranrenti
864 4115 881 4151 a
901 4099 1075 4165 Baptismate
1093 4109 1179 4166 atque
1201 4099 1394 4152 Eucharistica
1412 4115 1540 4152 commu·

263 4185 356 4246 nione,
378 4187 443 4240 licet
457 4204 516 4241 uno
535 4187 696 4254 eodemque
716 4197 845 4254 tempore
865 4189 1017 4256 neophytis
1030 4189 1135 4250 collati,
1150 4188 1217 4242 alibi
1231 4188 1356 4242 insinuat
1370 4189 1540 4241 Ambrosius

262 4275 291 4328 in
309 4285 427 4330 tractatu
443 4279 476 4331 de
494 4278 606 4345 Spiritu
626 4280 729 4332 Sarrcto
748 4279 779 4346 (l.
797 4279 819 4341 I,
836 4296 864 4332 n.
880 4281 935 4344 71).
951 4298 967 4329 ι
981 4278 1130 4346 Numquid
1149 4279 1177 4330 iu
1197 4295 1271 4346 aqua
1290 4278 1445 4340 signamur.
1467 4278 1540 4330 sicut

263 4383 279 4416 ι
298 4365 326 4419 in
350 4366 477 4434 Spiritu?
501 4369 533 4420 ln
554 4368 617 4434 ipso
636 4367 713 4421 eninr
727 4368 860 4430 vivimus,
884 4377 911 4421 et
935 4369 995 4434 ipse
1018 4377 1060 4421 est
1080 4368 1184 4434 pignus
1209 4367 1390 4420 haereditatis
1415 4376 1538 4426 nostrae,

263 4473 279 4506 ι
290 4455 363 4510 sicut
375 4465 404 4510 et
417 4459 564 4524 apostolus
577 4457 703 4512 scribens
717 4457 753 4511 ad
774 4457 915 4524 Ephesios
928 4458 982 4511 ait:
1004 4460 1040 4511 lu
1059 4475 1112 4525 quo
1125 4459 1267 4512 credentes
1279 4464 1342 4523 (per
1355 4457 1539 4523 baptismum)

264 4563 279 4594 c
290 4545 400 4612 signati
417 4545 484 4599 estis
503 4545 615 4612 Spiritu
628 4545 834 4612 promissionis
846 4547 958 4608 Samio,
972 4546 1022 4614 qui
1032 4550 1075 4599 est
1086 4546 1195 4614 pignus
1213 4545 1396 4600 haereditatis
1415 4547 1538 4598 nostrae.

263 4653 278 4684 a
292 4636 397 4688 Sancto
410 4634 497 4700 igitur
510 4635 616 4702 SpIritu
627 4635 730 4702 signati
745 4653 854 4692 sumus.
871 4653 928 4689 uon
943 4643 1052 4696 natura,
1068 4634 1119 4688 sed
1132 4652 1149 4687 a
1162 4619 1236 4695 Deo,
1251 4634 1318 4701 quia
1330 4633 1466 4702 scriptum
1481 4644 1537 4687 est:

264 4743 278 4772 ι
294 4723 352 4788 Qui
369 4724 458 4777 unxit
474 4741 525 4778 uos
544 4725 632 4786 Deus,
645 4725 733 4793 etqui
744 4725 873 4793 signavit
884 4742 943 4788 nos,
956 4729 986 4778 el
1001 4725 1078 4779 dedit
1082 4725 1191 4792 pignus
1204 4723 1345 4790 Spiritum
1365 4723 1394 4775 irr
1410 4721 1540 4776 cordr'bus

264 4835 278 4864 a
293 4815 408 4868 uostris.
429 4815 539 4880 Signati
560 4833 630 4881 ergo
648 4816 755 4882 Spiritu
769 4834 786 4869 a
801 4819 864 4870 Deo
884 4833 993 4870 sumus.
1015 4816 1094 4868 Sicut
1113 4815 1190 4868 enim
1210 4815 1237 4868 in
1257 4813 1371 4867 Christo
1391 4813 1538 4876 morimur,

264 4925 279 4954 a
293 4914 324 4957 ut
350 4921 531 4958 renascamur
552 4909 597 4973 (eu
620 4906 803 4975 baptismus);
826 4906 864 4960 ita
883 4906 969 4959 etiam
996 4905 1103 4972 Spiritu
1122 4904 1286 4972 signamur,
1307 4911 1337 4954 ut
1356 4902 1538 4968 splendorem

264 5003 377 5062 «atque
397 4995 551 5062 imaginem
571 4997 634 5062 ejus
652 5004 681 5049 et
699 4995 819 5062 gratiam
839 5006 936 5049 tenere
955 4994 1112 5062 possimus:
1133 4993 1211 5059 quod
1232 5002 1274 5045 est
1294 4991 1393 5058 utique
1414 4991 1539 5058 spiritale

264 5083 471 5151 «signaculum
491 5091 536 5149 (eu
554 5085 759 5154 confirmatio).
782 5087 856 5139 Nam
876 5086 927 5139 etsi
947 5085 1043 5152 specie
1062 5084 1210 5150 signemur
1230 5083 1256 5136 in
1277 5097 1406 5149 corpore,
1421 5081 1539 5136 veritate
