4078 6126
901 512 1046 564 PONTIF
1050 513 1168 565 ICALE
1192 513 1302 566 SAEC.
1331 513 1383 566 lX.

503 1432 579 1505 AD
609 1432 934 1507 ELIGENDUM
965 1433 1033 1505 ET
1062 1432 1438 1508 Olculunuuuu
1469 1434 1782 1532 munietur)

618 1710 647 1757 1.
685 1685 860 1758 Onnu'bns
885 1686 1115 1759 adstantibus
1130 1684 1326 1781 fratribus
1351 1685 1501 1780 legatur
1527 1685 1663 1758 electio:
1681 1695 1717 1758 at
1741 1688 1784 1759 a'e

503 1811 613 1884 landa
627 1812 804 1908 fratrum
822 1811 1048 1906 confirmata,
1080 1813 1212 1884 iterum
1240 1812 1389 1906 legatur
1411 1813 1449 1884 iu
1468 1811 1609 1884 ecclesia
1637 1815 1676 1885 z'n
1697 1814 1784 1910 pnl-

459 1974 474 2023 5
497 1939 597 2034 pitu,
634 1945 669 2008 et
698 1937 862 2031 elegatur
893 1963 917 2008 u
943 1930 1056 2034 plebe.
1095 1937 1132 2010 T
1127 1965 1196 2010 nnc
1232 1939 1390 2011 induant
1414 1964 1451 2010 se
1478 1936 1632 2010 uestibus
1667 1941 1784 2014 sacris

504 2064 695 2136 ardziaotor
721 2071 756 2134 et
780 2063 1018 2146 ordtnandns,
1048 2072 1084 2134 et
1108 2073 1343 2136 revertantur
1370 2065 1409 2135 z'a
1436 2062 1649 2158 capitulum.

615 2212 648 2260 2.
686 2187 786 2258 Tunc
813 2187 1016 2260 dedrtcatnr
1044 2189 1083 2260 in
1109 2189 1287 2261 ecclestam
1316 2187 1553 2271 ordinandus,
1578 2189 1671 2260 lianc
1692 2193 1784 2263 anti-

497 2315 660 2411 phonam
674 2313 913 2386 decantando:
926 2315 1018 2387 Ant.
1036 2312 1225 2387 Confirma
1240 2313 1310 2386 hoc
1331 2314 1448 2387 Deus.
1465 2312 1649 2387 Psalmns.
1673 2315 1786 2388 Exur-

506 2455 572 2536 gat
609 2438 731 2523 Deus;
760 2446 795 2509 et
821 2446 904 2510 tnnc
930 2448 1171 2535 prosternant
1197 2465 1232 2510 se
1258 2447 1341 2512 aute
1373 2439 1493 2510 altore
1528 2440 1720 2512 ordirentur
1751 2451 1786 2512 et

445 2595 477 2633 ιο
505 2564 642 2648 electus,
664 2564 788 2635 ceteris
808 2572 938 2660 septem
948 2565 1112 2660 psalmos
1133 2564 1423 2647 decantantz'bns,·
1439 2574 1475 2636 et
1491 2574 1693 2660 rapitantur
1710 2565 1784 2637 lae-

505 2693 634 2764 taniae.
672 2689 764 2762 Cum
793 2715 876 2763 uero
911 2691 1095 2764 denarrat:
1123 2689 1259 2787 Agnus
1290 2691 1380 2776 Dei,
1410 2700 1548 2786 surgat
1574 2691 1781 2777 ordonatur,

502 2826 538 2889 et
563 2816 660 2888 dicat
686 2817 779 2890 tzanc
804 2817 1021 2889 orattaneru:

612 2964 646 3033 3.
677 2943 856 3016 Actiones
880 2958 1034 3027 nostras
1057 2967 1294 3039 quaesumus
1328 2931 1502 3026 Domine,
1525 2959 1562 3014 et
1585 2943 1783 3039 aspirando

503 3068 687 3164 praeveni,
704 3085 742 3141 et
755 3067 965 3142 adiuvando
986 3093 1226 3164 prosequere:
1248 3083 1289 3140 ut
1308 3083 1439 3140 cuncta
1459 3084 1584 3141 nostra
1603 3070 1780 3167 operatio,

444 3227 475 3276 15
503 3210 591 3267 eta
619 3209 656 3266 te
684 3219 832 3289 semper
859 3193 1018 3289 incipiat,
1050 3210 1087 3266 et
1115 3209 1244 3289 perte
1272 3209 1405 3288 coepta
1433 3192 1591 3281 finiatur,
1623 3222 1700 3292 per.

618 3319 702 3407 Qua
721 3319 873 3416 expleta,
891 3320 1082 3392 ordinator
1095 3318 1246 3415 incipiat
1259 3320 1561 3406 cornecrattonem,
1582 3323 1785 3397 ordinando

496 3454 697 3542 prostrata.

948 3705 1339 3780 CONSECRATIO.

614 3968 649 4036 4.
676 3944 861 4030 Concede,
884 3969 1120 4041 quaesumus,
1143 3945 1380 4041 omnipotens
1403 3946 1524 4019 Deus:
1547 3963 1588 4019 ut
1607 3945 1785 4020 famulum

446 4112 480 4147 20
506 4087 609 4143 tuum
641 4069 688 4143 N.
719 4095 830 4167 quem
859 4070 906 4143 ad
926 4071 1091 4167 regimen
1112 4071 1315 4144 animarum
1336 4071 1518 4168 eligimus
1540 4073 1681 4170 gratiae
1700 4088 1787 4146 tuae

506 4194 606 4268 dono
639 4187 892 4292 prosequeris,
929 4212 985 4280 ut,
1023 4213 1059 4270 te
1094 4195 1292 4295 largiente,
1330 4223 1413 4270 cum
1448 4199 1528 4294 ipsa
1562 4215 1689 4273 nostra
1720 4199 1786 4274 tibi

507 4317 687 4393 electione
714 4317 868 4416 placeat,
899 4345 976 4416 per.

597 4613 628 4701 *j
653 4615 769 4677 Tribus
792 4613 927 4676 diversis
949 4614 1097 4677 manibus
1120 4615 1172 4677 hic
1201 4618 1284 4677 Ordo
1307 4627 1354 4678 est
1377 4626 1537 4678 exaratus:
1570 4617 1673 4696 prima
1704 4639 1786 4697 pars,

508 4735 622 4794 nempe
646 4713 802 4802 usquead
819 4713 1096 4783 consecrationem,
1121 4714 1276 4776 recentior
1298 4715 1456 4776 censenda
1472 4727 1528 4787 est,
1554 4729 1588 4777 ut
1605 4727 1700 4795 patet,
1719 4728 1787 4778 tum

508 4835 548 4875 ex
570 4814 786 4874 characterum
811 4812 920 4882 forma,
942 4820 1009 4872 tum
1030 4813 1105 4892 quia
1129 4811 1160 4874 in
1185 4812 1261 4874 solio
1283 4812 1443 4874 adscititio
1465 4825 1513 4874 cst
1536 4813 1697 4894 suppleta;
1720 4836 1788 4876 ora-

510 4911 612 4974 tiones
636 4922 813 4990 postremae
836 4909 895 4970 sub
920 4929 949 4971 n.
977 4914 996 4971 6
1019 4922 1138 4990 etseq.
1161 4911 1310 4973 videntur
1333 4910 1497 4991 suppletae
1513 4911 1575 4974 alia
1598 4933 1694 4974 manu
1714 4913 1789 4975 licet

510 5030 635 5074 coaeva.

557 5129 586 5186 4.
611 5107 689 5170 Ord.
716 5109 808 5168 Rom.
832 5110 902 5183 156,
929 5106 1013 5167 Men.
1042 5113 1112 5178 168,
1138 5109 1220 5170 Mur.
1249 5115 1320 5188 267,
1347 5130 1421 5188 459,
1446 5110 1541 5172 Gerb.
1572 5130 1641 5187 104.
