4078 6126
891 521 1157 574 PONTIFICALE
1182 521 1291 574 SAEC.
1319 521 1369 574 IX.

848 877 1006 951 Missa
1037 878 1139 950 PRO
1170 879 1412 953 REGIBUS.

603 1160 635 1232 5.
669 1141 774 1213 Deus
793 1140 956 1213 omnium
982 1165 1191 1238 regnorum,
1223 1159 1261 1214 et
1281 1141 1438 1214 maxime
1463 1141 1669 1214 francorum
1690 1167 1771 1237 pro—

495 1281 611 1339 tector
639 1266 790 1362 imperii,
821 1265 869 1339 da
897 1291 1003 1338 servo
1033 1282 1097 1338 tuo
1117 1267 1194 1364 regi
1225 1283 1351 1340 nostro
1381 1267 1429 1340 N.
1451 1265 1676 1362 triumphum
1705 1267 1771 1339 vir-

496 1392 582 1465 tutis
611 1408 696 1465 tuae
725 1393 881 1465 scienter
909 1390 1093 1466 excolere:
1126 1411 1166 1466 ut
1193 1394 1297 1466 cuius
1316 1393 1579 1466 constitutione
1599 1407 1656 1465 est
1677 1393 1773 1489 prin·

450 1550 465 1599 5
495 1545 591 1614 ceps
623 1519 702 1592 eius
730 1545 878 1614 semper
906 1544 1057 1592 munere
1087 1521 1133 1592 sit
1161 1536 1305 1616 potens,
1338 1544 1414 1615 per.

602 1653 635 1718 6.
667 1647 789 1742 Super
816 1644 952 1718 oblnln:
985 1645 1158 1743 Suscipe‚
1192 1645 1371 1729 Domine,
1410 1668 1537 1740 preces
1566 1660 1604 1717 et
1632 1642 1772 1720 hostias

495 1770 670 1845 ecclesiae
699 1787 784 1845 tuae
811 1796 879 1867 pro
909 1769 1026 1845 salute
1056 1769 1179 1845 famuli
1210 1771 1261 1844 tui
1293 1771 1340 1843 N.
1381 1767 1640 1865 supplicantis;
1670 1787 1708 1842 et
1735 1771 1771 1842 in

495 1898 722 1995 protectione
750 1896 912 1971 fidelium
942 1897 1163 1995 populorum
1192 1897 1343 1995 antiqua
1371 1894 1508 1969 brachii
1538 1896 1588 1967 tui
1618 1921 1772 1992 operare

496 2023 684 2098 miracula:
708 2041 757 2108 ut,
780 2025 962 2121 superatis
983 2026 1083 2120 pacis
1103 2023 1267 2108 inimiciS,
1298 2048 1426 2095 secura
1445 2021 1509 2094 tibi
1532 2021 1666 2095 serviat
1684 2021 1772 2094 chri-

436 2149 802 2225 mmmmm.

514 2345 520 2356 ,
606 2297 638 2366 7.
670 2276 739 2346 Ad
775 2275 1039 2372 complendum.-
1075 2275 1191 2359 Deus,
1237 2275 1300 2372 qui
1343 2273 1592 2370 praedicando
1633 2275 1772 2348 aeterni

497 2403 601 2500 regni
630 2399 824 2499 evangelio
855 2401 1059 2474 francorum
1081 2400 1273 2496 imperium
1304 2400 1540 2496 praeparasti,
1572 2399 1774 2496 praetende

498 2527 634 2603 famulo
657 2545 720 2602 tuo
751 2529 797 2600 N.
829 2527 981 2624 principi
1003 2543 1129 2600 nostro
1148 2552 1249 2600 arma
1276 2525 1464 2600 caelestia:
1496 2543 1536 2599 ut
1563 2553 1634 2622 pax
1662 2525 1775 2600 eccle-

498 2655 631 2728 siarum
662 2653 759 2726 nulla
789 2653 955 2727 turbetur
983 2670 1203 2748 tempestate
1232 2650 1421 2738 bellorum,
1453 2678 1529 2748 per.

541 2944 569 3002 5.
594 2922 663 2983 Gel.
691 2941 748 3000 731
777 2918 876 3005 (276),
897 2921 981 2982 Pam.
1000 2927 1073 2998 426,
1094 2921 1175 2982 Mur.
1194 2941 1267 2999 459,
1286 2921 1381 2982 Gerb.
1401 2921 1424 2990 Ι,
1445 2927 1517 2998 276,
1538 2923 1629 2982 Mart.
1651 2922 1730 2984 Ord.
1749 2923 1773 2994 1,

497 3021 616 3084 Mabill.
643 3021 722 3084 Ord.
746 3020 834 3090 XIV,
861 3039 934 3098 400.

541 3127 569 3181 6.
595 3119 653 3181 Gcl
679 3139 738 3197 731
766 3115 866 3203 (277),
886 3119 971 3190 Pam,
990 3137 1063 3196 427,
1083 3119 1165 3180 Mur.
1186 3139 1259 3197 459,
1278 3118 1373 3180 Gerb.
1395 3119 1419 3188 Ι,
1442 3137 1513 3196 277,
1534 3121 1625 3180 Mart.
1649 3119 1727 3181 Ord.
1750 3120 1772 3186 1.

498 3218 617 3283 Mabill.
643 3218 721 3278 Ord.
747 3218 835 3288 XIV,
862 3239 935 3294 400.
1320 3217 1325 3226 '

542 3337 570 3395 7.
596 3316 665 3378 Gel.
687 3336 746 3394 731
775 3313 876 3398 (277),
895 3317 980 3378 Pam.
1001 3336 1075 3395 4²7·
1095 3319 1176 3378 Mur.
1197 3335 1269 3393 459,
1290 3315 1384 3378 Gerb.
1406 3318 1428 3383 Ι,
1449 3335 1521 3394 277,
1542 3317 1633 3378 Mart.
1652 3317 1730 3378 Ord.
1751 3317 1773 3388 Ι,

500 3415 619 3477 Mabill.
645 3415 723 3477 Ord.
749 3415 836 3480 xlv,
863 3435 936 3493 (οι.
