4084 6128
910 481 1176 535 I’ON'I'IFICALE
1201 481 1310 534 SAEC.
1340 481 1391 534 IX.

994 600 1196 606 ————-
1493 595 1792 606 ---—-——-—---

959 1176 1154 1248 INCIPIT
1191 1177 1344 1248 ORDO

668 1335 778 1440 DE
821 1334 1119 1440 SACRIS
1161 1333 1633 1442 ORDINIBUS

840 1513 1462 1620 BENEDICENDIS.*I

774 1785 1094 1884 [ORDINATIO
1130 1787 1533 1888 OS'I'IARIORUII.]

466 1991 481 2042 5
625 1991 654 2039 1.
692 1965 878 2038 Oslz'arr'us
904 1990 983 2037 cum
1011 1964 1225 2049 ordr'nalur,
1249 1975 1442 2062 poslqunm
1464 1967 1510 2038 ab
1536 1966 1788 2040 urclnilzircono

511 2093 711 2164 instructus
734 2092 861 2186 suerit
895 2091 1053 2186 qualiter
1088 2091 1127 2162 in
1163 2091 1265 2164 donn
1306 2093 1383 2164 Dei
1415 2092 1538 2165 debeat
1572 2093 1787 2174 conversari,

653 2339 941 2410 4.[0Rn1NAT10
967 2337 1278 2406 OST1AR10RUMJ:
1306 2339 1396 2405 suppl.
1423 2354 1463 2392 ex
1482 2337 1551 2392 Ord.
1579 2341 1665 2394 Rom.
1691 2345 1721 2396 et
1737 2341 1789 2394 Sa·

582 2439 671 2476 cram.
692 2420 784 2475 edilis.

554 2619 587 2703 *)
611 2623 766 2686 Ordinem
785 2635 926 2687 nostrum
951 2633 1168 2704 percurrentes
1188 2641 1251 2682 non
1276 2629 1462 2682 moveantur
1479 2619 1700 2702 theologorum
1724 2643 1791 2685 sen-

509 2721 616 2785 tentiis
650 2722 690 2784 de
725 2723 856 2784 materia
880 2733 911 2784 et
946 2723 1046 2783 forma
1076 2721 1116 2782 ad
1141 2718 1278 2780 validam
1315 2718 1473 2780 Ordinum
1509 2719 1710 2782 collationem
1746 2743 1791 2783 re·

508 2819 642 2902 quisitis‚
667 2842 739 2884 cum
768 2821 859 2902 plura
882 2821 922 2883 ab
946 2819 1009 2882 illis
1033 2831 1068 2882 ut
1091 2817 1266 2880 necessaria
1291 2817 1470 2898 praedicata
1494 2817 1524 2880 in
1549 2817 1658 2881 codice
1683 2832 1790 2882 nostro

508 2918 736 2982 desiderentur.
759 2922 829 3000 Jam
859 2918 1061 2982 doctissimus
1095 2919 1139 2979 lo.
1170 2918 1326 2989 Marinus,
1352 2917 1404 2978 De
1433 2919 1532 2978 sacris
1554 2920 1621 2980 eccl.
1657 2919 1790 2980 Ordina-

509 3019 643 3080 tionz'bus
666 3017 924 3080 scholasticorum
941 3015 1230 3098 argumentationes
1254 3015 1357 3076 solido
1380 3015 1654 3088 documentorum,
1678 3037 1790 3097 nempe

509 3115 737 3196 pontificalium
770 3117 934 3198 utriusque
961 3115 1110 3178 ecclesiae
1138 3113 1253 3176 latinae
1280 3127 1311 3176 et
1339 3113 1510 3181 orientalis.
1534 3135 1648 3177 carere
1681 3115 1790 3178 sunda·

509 3228 616 3277 mento
651 3236 780 3295 prorsus
810 3215 1038 3278 demonstravit
1047 3236 1054 3288 ;
1079 3234 1177 3294 quare
1200 3213 1240 3274 ad
1264 3211 1399 3275 eundem
1424 3213 1550 3275 remitto
1566 3213 1725 3286 lectorem.
1753 3227 1787 3277 ut

509 3312 641 3376 ulterius
665 3314 859 3395 progrediar.

555 3413 629 3475 Duo
652 3411 735 3474 enim
753 3425 923 3475 occurrunt
946 3411 1143 3474 observanda
1161 3410 1192 3472 in
1209 3409 1365 3489 liturgicis
1381 3410 1590 3474 ambrosianis
1606 3410 1712 3474 libris:
1730 3411 1790 3493 pri-

509 3532 596 3574 mum
620 3511 738 3574 scilicet
761 3511 894 3582 nullum,
920 3511 986 3573 sive
1010 3511 1041 3572 in
1067 3509 1270 3572 Manualibus
1294 3508 1360 3570 sive
1385 3507 1416 3570 in
1442 3509 1633 3582 llissalibus,
1659 3511 1788 3592 reperiri

510 3608 678 3690 vestigium
697 3609 793 3670 ullius
809 3609 903 3671 officii
921 3609 1039 3690 proprii
1057 3608 1183 3670 illorum
1204 3605 1409 3687 jejuniorum.
1434 3628 1516 3687 quae
1531 3607 1563 3669 in
1583 3609 1727 3671 Romana
1743 3631 1790 3672 ec·

509 3707 604 3771 clesia
623 3708 683 3770 iam
701 3730 720 3770 a
736 3729 815 3770 saec.
834 3709 862 3768 V
879 3721 1017 3788 quatuor
1032 3707 1106 3769 anni
1124 3705 1320 3786 temporibus
1340 3706 1465 3778 fiebant,
1485 3708 1570 3769 unde
1586 3708 1790 3788 assignantur

509 3827 567 3886 pro
584 3805 761 3868 hisdiebus
777 3818 875 3869 statae
891 3827 1017 3886 preces:
1039 3805 1172 3868 alterum
1192 3804 1425 3867 observandum
1439 3805 1589 3868 exhibent
1605 3819 1673 3868 tum
1689 3807 1790 3869 codex

510 3918 624 3976 noster,
649 3916 716 3966 tum
735 3905 875 3967 llissalia
890 3917 921 3966 et
937 3903 1004 3985 ipsc
1022 3905 1175 3966 Beroldus
1185 3925 1192 3977 ;
1210 3925 1248 3966 ex
1265 3903 1342 3983 ipsis
1357 3903 1441 3964 eninr
1459 3905 1573 3966 deduci
1596 3905 1707 3986 nequit
1724 3927 1789 3986 quo

510 4016 660 4084 ternpore,
686 4003 717 4064 ln
753 4025 855 4084 quave
891 4004 1007 4066 Missae
1039 4015 1126 4083 parte
1162 4003 1240 4065 sacri
1271 4001 1410 4064 Ordines
1433 4002 1538 4065 collati
1571 4004 1696 4066 suerInt.
1735 4005 1789 4066 Di-

510 4102 643 4182 sciplina
676 4101 824 4164 ecclesiae
859 4115 983 4164 nostrae
1012 4103 1070 4164 hac
1095 4103 1126 4163 in
1151 4113 1239 4181 parte
1260 4121 1293 4162 se
1317 4101 1424 4181 prodit
1446 4101 1577 4164 omnino
1601 4123 1620 4164 a
1644 4103 1789 4165 Romana

509 4201 683 4264 diversam:
709 4221 766 4263 nec
786 4200 900 4262 mitum
918 4202 1093 4281 quodcum
1118 4199 1408 4280 quadragesimales
1425 4201 1545 4271 missas,
1563 4201 1707 4281 proprias
1731 4223 1789 4282 pro

510 4299 603 4372 seriis,
629 4309 771 4361 mutuata
787 4310 869 4361 esset
884 4321 903 4360 a
919 4299 1127 4380 Gregoriano,
1146 4312 1251 4361 tamen
1269 4297 1388 4360 nullam
1413 4320 1471 4378 pro
1494 4299 1591 4362 sacrIs
1606 4309 1638 4361 et
1653 4311 1717 4362 tam
1741 4321 1789 4362 so

510 4397 668 4460 lemnibus
698 4397 892 4478 jejuniorum
916 4398 1113 4478 temporibus
1149 4397 1279 4459 Missam
1315 4397 1504 4476 susceperit;
1536 4397 1598 4459 iam
1624 4398 1655 4459 in
1679 4397 1789 4462 limine

510 4496 606 4558 huius
628 4496 845 4558 commentarii
864 4496 969 4559 notavi
987 4507 1181 4558 constantem
1202 4495 1360 4556 Ecclesiae
1384 4506 1508 4558 nostrae
1524 4496 1645 4558 cultum
1663 4497 1694 4557 in
1710 4497 1789 4558 anti-

510 4594 670 4674 quissimis
694 4593 918 4657 traditionibus
937 4594 1114 4666 servandis;
1133 4593 1206 4656 hinc
1223 4593 1328 4656 evenit
1345 4605 1387 4664 ut,
1404 4594 1476 4656 licet
1493 4616 1576 4656 nova
1599 4617 1618 4656 a
1635 4594 1788 4656 Romanis

512 4693 717 4756 Pontificibus
740 4703 857 4755 statuta
886 4694 1002 4755 suerint
1025 4705 1168 4772 tempora
1201 4714 1258 4774 pro
1291 4693 1468 4754 Diaconatu
1499 4706 1530 4755 et
1566 4695 1786 4772 Presbyteratu

510 4792 708 4855 conserendis
738 4797 780 4872 (a.
813 4795 914 4873 Epist.
946 4795 1070 4854 Gelasz'i
1101 4795 1145 4853 ad
1165 4794 1271 4872 Epzic.
1291 4800 1354 4872 per
1385 4795 1515 4854 Bruttias
1548 4801 1578 4853 et
1610 4795 1787 4854 Lucaniam

510 4911 534 4952 c.
548 4891 618 4968 XI),
633 4890 701 4970 ipsa
717 4903 821 4953 tamen
838 4891 1049 4972 perseveravit
1062 4890 1094 4952 in
1110 4891 1271 4971 primaeva
1287 4890 1493 4964 institutione,
1508 4892 1635 4953 eosdem
1650 4891 1788 4953 Ordines

510 4988 691 5050 conserendi
715 4989 883 5050 dominicis
907 4989 1029 5061 diebus,
1054 4989 1324 5070 quemadmodum
1349 4999 1379 5050 et
1401 4990 1582 5052 Pontificnle
1607 4990 1786 5050 Romanum

511 5086 604 5147 ctiam
641 5108 724 5150 nunc
758 5088 868 5150 statuit
901 5089 1007 5168 quoad
1043 5087 1181 5150 Ordines
1217 5088 1354 5150 minores
1388 5099 1418 5150 et
1455 5089 1673 5169 Episcopalem
1705 5107 1788 5149 con-
