4078 6126
507 531 541 595 96
725 557 729 574 ·
756 527 960 579 APPENDIX
981 527 1036 579 AD
1058 523 1325 578 PONTIFICALE
1344 523 1453 577 SAEC.
1478 523 1529 576 IX.

508 786 573 838 «et
596 773 754 836 unctionis
776 773 969 834 consecratio
1001 772 1190 852 competenti
1223 772 1309 841 hora,
1338 771 1375 833 -id
1406 782 1454 833 est
1482 780 1552 850 post
1580 771 1716 840 Nonam,
1740 789 1785 830 se

508 873 679 936 «cundum
708 883 825 935 statuta
852 873 980 934 Patrum
1006 871 1059 933 fiat
1076 893 1110 942 »;
1135 869 1275 950 profecto
1302 889 1380 950 ergo
1406 869 1586 931 benedictio
1608 866 1786 930 chrismatis

504 983 535 1035 et
557 971 617 1034 olei
642 972 938 1035 catechumenorum
957 969 988 1030 in
1010 970 1068 1031 hac
1093 969 1191 1030 Missa
1213 980 1287 1030 ante
1303 988 1415 1030 aevum
1440 967 1558 1029 Gelasii
1583 967 1706 1028 invecta
1728 977 1784 1036 est,

504 1069 609 1134 statim
641 1091 677 1132 ac
709 1069 741 1131 hi
767 1069 847 1130 ritus
878 1068 919 1130 ad
944 1069 1025 1130 hanc
1048 1067 1143 1139 diem,
1168 1077 1277 1146 utpote
1300 1066 1472 1146 propriam,
1497 1064 1652 1146 assignari
1677 1084 1785 1143 coepe·

503 1181 586 1231 runt.
613 1169 649 1231 Id
672 1167 822 1230 evincunt
846 1167 933 1248 ipsae
957 1165 1212 1228 benedictionum
1238 1185 1345 1245 preces
1371 1165 1382 1225 I
1408 1163 1540 1226 Ordinis
1571 1163 1670 1226 nostri
1698 1161 1785 1242 (alio-

504 1268 581 1350 quin
606 1267 637 1328 in
662 1267 731 1346 ipso
754 1266 886 1346 vulgato
910 1265 1032 1328 Ordine
1056 1266 1203 1327 Romano
1227 1273 1381 1342 servatae)
1403 1261 1607 1325 aGelasiano
1630 1261 1783 1332 diversae,

504 1388 561 1430 nec
586 1367 689 1446 ipsum
706 1366 810 1427 locum
828 1363 1064 1427 sacramentarii
1081 1362 1242 1425 Gelasiani
1259 1373 1410 1425 tenentes.
1429 1363 1558 1424 Etcum
1576 1359 1707 1422 minime
1722 1359 1784 1421 dici

504 1465 603 1546 possit
626 1464 713 1546 quod
730 1463 890 1543 prioribus
906 1462 1065 1525 Ecclesiae
1083 1461 1217 1524 saeculis
1241 1461 1348 1523 nullae
1371 1481 1429 1540 pro
1453 1458 1637 1540 hujusmodi
1661 1457 1787 1520 bencdi-

503 1563 661 1627 ctionibus
674 1563 866 1624 haberentur
878 1582 996 1641 preces,
1010 1561 1199 1623 affirmarem
1216 1559 1379 1622 Gelasium
1394 1559 1497 1640 ipsum
1511 1558 1659 1639 antiquas
1671 1557 1785 1619 sormu-

504 1663 558 1734 laS,
576 1662 625 1724 vel
649 1661 727 1723 alias
742 1683 761 1722 a
777 1661 842 1722 suis
857 1659 1077 1723 decessoribus
1101 1658 1294 1731 reformatas
1314 1659 1345 1720 in
1363 1677 1477 1720 novam
1494 1679 1513 1719 a
1529 1677 1563 1719 se
1578 1655 1785 1736 compositam

505 1761 634 1823 Missam
653 1758 862 1822 Chrismalem
887 1780 950 1820 una
973 1780 1045 1821 curu
1069 1757 1291 1821 benedictione
1314 1755 1368 1818 olii
1391 1756 1588 1818 infirmorum
1613 1754 1783 1818 induxisse.

549 1861 651 1921 Nemo
676 1857 842 1920 mirabitur
861 1857 943 1919 hanc
967 1868 1106 1920 nostram
1123 1855 1318 1936 opinionem,
1335 1855 1361 1917 si
1379 1855 1523 1917 advertat
1538 1864 1693 1934 quantum
1718 1853 1786 1933 ipsa

504 1957 644 2021 Ecclesia
668 1966 775 2018 nostra
797 1955 1023 2037 antiquitatum
1048 1967 1142 2017 tenax
1166 1954 1274 2026 suerit;
1296 1965 1330 2016 ut
1353 1953 1432 2015 scite
1455 1952 1563 2032 quoad
1589 1951 1705 2014 Missae
1728 1952 1786 2014 Ca-

505 2077 619 2120 nonem
643 2055 872 2118 demonstravit
894 2054 1128 2116 eruditissimus
1159 2055 1246 2115 Doct.
1276 2055 1317 2115 Α.
1356 2053 1503 2114 Cerauni:
1526 2053 1651 2114 Notttzb
1678 2053 1786 2113 Litur·

500 2159 579 2236 ιςνὶαε
600 2155 830 2216 Ambrosonae
851 2161 924 2214 onte
945 2173 1021 2215 saec.
1049 2153 1106 2214 XI
1110 2153 1269 2236 =medium.
1296 2149 1479 2222 Mediolani,
1509 2157 1602 2228 1895.

550 2254 613 2316 Sed
637 2252 743 2314 adhuc
766 2261 861 2314 restat
877 2251 1069 2332 investigare
1089 2271 1146 2313 cur
1168 2251 1208 2312 ad
1232 2248 1425 2312 oblationem
1450 2260 1482 2310 et
1505 2269 1567 2310 nou
1594 2247 1700 2328 potius
1722 2247 1785 2310 alio

505 2353 576 2415 loco
601 2351 726 2422 Missae,
752 2349 987 2413 benedictiones
1010 2348 1189 2412 chrismatis
1212 2359 1244 2410 et
1267 2347 1328 2409 olei
1353 2347 1565 2427 perficiantur.
1599 2345 1706 2408 Facile
1736 2367 1788 2407 mc

505 2451 687 2531 expedirem
716 2449 885 2530 Justiniani
921 2449 1094 2511 sententia:
1115 2471 1132 2504 «
1150 2449 1222 2511 Non
1258 2445 1419 2518 omnium,
1452 2465 1534 2527 quae
1564 2466 1583 2506 a
1613 2444 1788 2524 majoribus

510 2573 527 2608 «
543 2547 658 2612 nostris
691 2549 806 2610 tradita
829 2559 919 2620 sunt,
945 2548 1026 2610 ratio
1050 2545 1167 2626 inquiri
1191 2557 1317 2625 oportet
1332 2566 1363 2617 »;
1388 2545 1443 2606 sed
1468 2544 1621 2606 rationem
1646 2542 1786 2623 aliquam

507 2649 664 2728 proferam
696 2647 896 2725 desumptam
927 2647 968 2707 ab
992 2647 1061 2725 ipso
1085 2646 1147 2707 ritu
1171 2665 1236 2724 quo
1267 2644 1345 2706 sacri
1378 2641 1440 2705 olei
1471 2642 1649 2705 offeruntur
1670 2642 1711 2704 ad
1734 2641 1788 2703 al-

506 2759 587 2808 tare:
612 2767 684 2809 curn
701 2744 785 2806 enim
803 2743 986 2807 solemniter
1001 2744 1071 2806 olea
1087 2744 1302 2823 proferrentur
1325 2762 1396 2804 cum
1414 2761 1495 2822 pane
1517 2752 1549 2803 et
1572 2741 1648 2803 vino
1666 2743 1789 2820 (quem-

508 2845 682 2907 admodum
698 2855 729 2906 et
745 2865 830 2905 nunc
848 2845 1005 2922 servatur)
1030 2863 1092 2904 non
1119 2853 1168 2904 est
1191 2840 1410 2920 improbabile,
1435 2838 1521 2921 quod
1545 2839 1723 2920 episcopua,
1748 2860 1789 2901 ne

510 2945 686 3014 Canonem,
711 2943 766 3022 qui
790 2962 915 3021 semper
945 2952 980 3002 ut
1012 2940 1180 3021 praecipua
1203 2961 1276 3019 pars
1300 2939 1416 3001 Missae
1440 2937 1567 3000 habitus
1590 2950 1647 3011 est,
1672 2937 1788 3000 deinde

511 3041 739 3114 intermitteret,
764 3061 801 3102 ea
824 3039 1023 3102 benediceret
1039 3051 1112 3101 ante
1127 3039 1363 3118 praefationem,
1387 3036 1420 3099 id
1443 3047 1491 3099 est
1514 3035 1629 3099 oblatis
1652 3057 1734 3116 pane
1756 3049 1790 3098 et

510 3141 586 3203 vino
612 3139 653 3201 ad
679 3138 885 3210 sacrificium,
918 3139 1006 3218 quod
1037 3149 1113 3199 tuuc
1136 3136 1287 3216 temporis
1311 3136 1448 3198 breviter
1471 3136 1579 3206 fiebat,
1604 3133 1724 3198 scilicet
1746 3135 1788 3197 ad

509 3239 666 3302 canticum
689 3238 886 3318 offertorium
903 3258 974 3299 cum
991 3235 1224 3297 thurificatione
1240 3244 1271 3296 et
1285 3238 1424 3296 oratzone
1438 3241 1535 3316 super
1547 3235 1659 3310 oblata,
1680 3253 1790 3313 quern·

409 3323 423 3346 ⁸
509 3338 682 3400 admodum
707 3336 739 3398 in
768 3335 904 3398 Beroldo
928 3335 1059 3416 legitur:
1085 3335 1214 3412 insuper
1237 3333 1306 3412 ipsa
1329 3332 1517 3404 benedictio,
1542 3352 1623 3412 quae
1646 3331 1790 3394 oratione

508 3449 539 3499 et
571 3435 764 3517 praefatione
795 3444 926 3504 constat,
952 3433 1086 3495 suadere
1108 3431 1213 3512 potuit
1236 3443 1271 3494 ut
1294 3432 1354 3494 hoc
1379 3431 1410 3492 in
1435 3430 1504 3493 loco
1528 3440 1707 3511 poneretur,
1733 3430 1787 3492 ubi

509 3557 567 3615 pro
596 3533 831 3596 consecratione
862 3530 953 3611 panis
976 3542 1007 3593 et
1038 3531 1103 3592 viui
1135 3529 1252 3611 legitur
1275 3529 1388 3592 similis
1411 3529 1572 3609 praelatio,
1596 3550 1680 3609 quae
1702 3529 1789 3610 apud

514 3635 647 3718 Gerbert
666 3653 696 3712 p.
723 3651 774 3711 73,
800 3630 994 3692 inscribitur:
1019 3631 1153 3692 secundo
1175 3632 1356 3691 contestatio.

555 3733 604 3793 De
630 3730 742 3793 ceteris
765 3749 840 3792 vero
864 3727 1130 3800 solemnitatibus,
1156 3748 1248 3808 quae,
1274 3728 1363 3790 salvo
1386 3727 1446 3790 hoc
1469 3727 1582 3790 ordine
1612 3727 1787 3808 primitivo,

509 3840 707 3893 accesserunt
737 3839 899 3890 mutuatae
933 3848 952 3888 a
987 3827 1141 3889 Romanis
1171 3825 1363 3898 Ordinibus,
1396 3826 1493 3889 modo
1525 3826 1616 3889 nobis
1644 3847 1707 3888 non
1741 3837 1788 3888 est

510 3928 775 4008 pertractandum.
793 3927 858 3989 Sed
875 3947 914 3988 ne
929 3936 1050 3988 taceam
1074 3925 1250 4006 quidquam
1274 3925 1315 3986 ad
1339 3935 1476 3987 veterem
1494 3935 1632 3988 nostram
1652 3924 1789 4006 discipli-

511 4049 583 4090 nam
599 4027 720 4098 attinet,
738 4047 776 4088 ex
793 4023 962 4104 Amulpho
984 4027 1098 4103 (Gesta
1114 4025 1284 4104 Arctu'epp.
1310 4025 1448 4095 Meto),
1466 4022 1486 4085 l,
1512 4024 1568 4100 IV,
1586 4043 1616 4086 n.
1638 4023 1670 4109 6)
1694 4023 1789 4086 adno-

509 4127 584 4189 tabo
614 4146 664 4187 an.
703 4143 795 4204 1074,
829 4125 965 4186 chasma
996 4144 1122 4185 socnam
1145 4125 1347 4203 abepiscopo
1378 4123 1597 4184 anzbrosianae
1626 4143 1790 4185 cousecra-

509 4227 690 4295 libuissent
704 4224 923 4304 suffraganeo,
941 4222 1101 4300 deficiente
1116 4221 1275 4300 Pontefice
1290 4222 1529 4295 Medzolanensi,
1546 4222 1720 4284 domt'nicae
1729 4241 1790 4283 coe-

509 4345 568 4387 nae
583 4325 727 4403 austerio
743 4321 1003 4402 Metropolitum
1017 4323 1165 4395 ecclesiae,
1189 4323 1271 4382 siem
1293 4340 1358 4382 mos
1378 4326 1430 4393 est,
1447 4319 1557 4400 suz'sse
1579 4321 1739 4383 directum.
1754 4323 1790 4399 4)

509 4549 775 4564 *tn——

581 4711 609 4778 4)
630 4711 711 4763 Haec
729 4707 786 4762 iam
799 4707 978 4774 scripseram,
999 4722 1065 4760 cum
1079 4722 1147 4772 prae
1166 4705 1298 4760 manibus
1315 4705 1495 4760 obvenerunt
1509 4707 1602 4760 Notae
1615 4706 1642 4762 I.
1657 4707 1696 4761 Α.
1715 4706 1791 4760 Irici

512 4789 642 4844 Doctoris
655 4788 777 4856 Collegii
791 4787 985 4853 Ambrosiani,
1000 4786 1130 4854 pluribus
1148 4786 1343 4840 voluminibus
1356 4793 1508 4841 contentae
1521 4787 1549 4840 in
1565 4786 1637 4842 Bibl.
1653 4788 1788 4842 Ambros

511 4871 599 4940 (εἰμι.
621 4871 679 4924 AS.
702 4871 753 4932 lV,
775 4887 789 4922 2
809 4877 838 4923 et
856 4869 967 4936 seqq.):
989 4867 1036 4921 ille
1062 4867 1152 4922 multa
1171 4883 1205 4921 ex
1230 4866 1394 4921 auctoribus
1413 4866 1519 4934 passim
1538 4868 1692 4934 congessit,
1715 4885 1791 4936 quae

512 4951 583 5006 meis
596 4951 691 5004 tavent
703 4949 861 5012 sententiis
879 4948 1044 5016 praesertim
1059 4947 1087 5001 in
1107 4947 1182 5002 notis
1195 4947 1232 5000 ad
1252 4947 1388 5002 formulas
1407 4947 1629 5002 consecrationis
1647 4949 1788 5010 oleorum,

511 5040 640 5086 extantes
659 5031 688 5084 iu
715 5030 822 5084 Missali
849 5028 1203 5084 ambrosiano-monastico
1228 5027 1256 5082 in
1284 5028 1419 5082 biblioth.
1444 5027 1520 5082 Cleri
1545 5027 1581 5082 ad
1607 5030 1638 5082 S.
1665 5028 1790 5082 Alexan-

511 5113 595 5166 drum
614 5111 642 5164 in
656 5110 798 5165 Columna
812 5110 944 5177 Bergomi
958 5117 1113 5164 asservato.
1135 5110 1200 5162 Hoc
1220 5109 1336 5162 Missale
1349 5107 1385 5162 ad
1398 5125 1473 5163 saec.
1490 5109 1541 5172 IX,
1557 5109 1713 5176 peritorum
1725 5125 1790 5164 sen·

511 5192 609 5256 tentia,
631 5191 772 5258 pertinere
791 5201 834 5245 est
854 5190 1044 5245 censendum:
1065 5189 1183 5256 siquae
1208 5188 1237 5242 in
1257 5187 1360 5243 eodem
1380 5197 1477 5244 extant
1498 5189 1629 5244 diversae
1653 5189 1790 5244 lectiones

510 5273 570 5329 suis
590 5271 659 5329 locis
678 5281 822 5326 notantur.
