4084 6128
1033 499 1258 554 PRAEFATIO

1099 617 1105 621 .
1135 617 1200 621 -.
1228 613 1783 624 -—-—-—.—-—----———-——

503 762 641 826 runtur,
664 762 705 816 ut
724 745 804 841 ipsa
824 770 920 818 nunc
944 747 1101 842 primum
1121 747 1407 820 Ambrosianam
1432 746 1666 820 traditionem
1686 745 1785 819 exhi-

502 872 616 944 beant
635 897 701 944 nec
716 873 868 945 omnino
888 872 1153 968 spernendanr;
1176 872 1342 945 Ecclesia
1357 873 1455 945 enim
1478 871 1781 950 hlediolanensis,

504 996 717 1093 metropolis
740 997 826 1070 olim
850 999 963 1071 totius
985 999 1186 1084 Insubriae,
1208 1023 1305 1096 quae
1328 999 1455 1071 hledio
1475 999 1583 1072 Aevo
1605 996 1710 1072 ltalia
1724 1024 1786 1071 vo-

502 1124 669 1206 cabatur,
701 1121 821 1196 adhuc
849 1149 945 1196 saec.
974 1124 1010 1195 X
1031 1123 1228 1220 plusquam
1257 1124 1386 1196 decem
1416 1139 1453 1196 et
1482 1142 1566 1198 octo
1595 1125 1786 1196 dioeceses

503 1248 757 1345 suffraganeas
773 1250 1007 1322 numerabat:
1024 1250 1151 1346 quanti
1168 1275 1278 1345 porro
1293 1251 1340 1323 sit
1356 1249 1524 1323 iacienda
1540 1249 1785 1323 Ecclesiamm

503 1373 650 1446 traditio
679 1375 713 1446 in
744 1372 963 1470 theologicis
991 1375 1193 1470 disciplinis
1222 1401 1332 1448 nemo
1369 1400 1440 1448 non
1471 1375 1589 1461 videt;
1619 1393 1656 1448 et
1684 1401 1789 1471 prae-

503 1500 628 1573 sertim
659 1501 806 1572 maximi
836 1518 894 1575 est
922 1501 1098 1574 momenti
1128 1527 1211 1574 cum
1239 1502 1362 1598 agitur
1389 1501 1436 1573 de
1459 1501 1666 1574 statuendis
1689 1473 1786 1598 duae

504 1625 551 1698 ad
579 1625 737 1699 validam
757 1625 910 1700 alicuius
939 1627 1157 1700 sacramenti
1181 1627 1413 1700 collationem
1435 1628 1629 1723 pertinent,
1652 1643 1692 1699 ut
1715 1627 1786 1699 iam

504 1752 739 1824 doctissimus
769 1751 820 1824 la.
853 1753 1037 1832 altarinus,
1071 1753 1129 1823 De
1155 1753 1273 1824 sacru
1299 1753 1375 1824 eccl.
1414 1752 1630 1836 Ordinibus,
1668 1770 1707 1825 ut
1731 1778 1788 1824 ce·

504 1894 603 1950 teros
632 1894 871 1974 praeteream,
893 1879 1170 1952 demonstravit.
1195 1879 1299 1952 llaec
1319 1879 1443 1974 itaque
1473 1903 1568 1951 nova
1596 1878 1710 1951 editio
1739 1877 1787 1950 la-

504 2026 636 2074 cunam
668 2001 804 2097 implet,
836 2029 947 2099 quam
977 2004 1175 2076 novissime
1205 2005 1345 2077 notavit
1371 2005 1481 2076 etiam
1511 2002 1554 2075 cl.
1585 2002 1783 2082 Ducliesnc,

505 2126 701 2222 (Origines
728 2128 778 2199 du
807 2129 898 2200 crclte
925 2125 1090 2211 cdritren,
1123 2154 1208 2225 pag.
1246 2131 1345 2220 152).

617 2255 742 2327 Unum
759 2271 882 2327 tamen
899 2270 1069 2350 superest
1083 2254 1366 2327 advertendum:
1384 2279 1458 2326 non
1474 2255 1625 2328 inveniri
1642 2256 1678 2327 in
1696 2256 1788 2328 Pon·

507 2377 627 2450 tificali
649 2396 775 2452 nostro
805 2379 913 2451 ritum
949 2378 1266 2473 confirmaturus.-
1292 2379 1362 2450 hoc
1390 2378 1488 2451 enim
1518 2396 1786 2453 sacramentum

507 2504 631 2576 statim
667 2505 942 2577 ministrabatur
977 2505 1024 2578 ab
1054 2504 1344 2601 Archiepiscopo
1382 2503 1582 2576 infantibus
1618 2531 1641 2577 a
1675 2505 1787 2577 cardi-

508 2628 651 2702 nalibus
680 2629 872 2726 baptizatis
892 2631 1059 2704 Sabbato
1088 2631 1226 2704 Sancto
1245 2629 1302 2702 vel
1328 2631 1576 2714 l’entecostes,
1609 2646 1649 2702 ut
1678 2630 1787 2703 refert

508 2753 688 2828 Beroldus
714 2787 731 2822 «
758 2775 896 2853 ...post
923 2756 1067 2830 litanias
1100 2757 1398 2852 archiepiscopus
1427 2781 1586 2852 surgens
1614 2754 1788 2828 chrismat

513 2911 530 2950 e
551 2879 759 2976 praedictos
779 2882 982 2977 baptizatos
1002 2883 1240 2977 iusrautibns
1259 2883 1293 2954 in
1312 2882 1463 2954 modum
1482 2882 1609 2967 crucis
1630 2883 1788 2956 dicendo

513 3035 531 3075 a
551 3006 644 3079 hanc
664 3007 886 3081 orationem:
908 3009 1012 3080 Deus
1032 3009 1145 3080 Pater
1163 3009 1379 3105 areznz'poteus
1399 3009 1554 3080 Danuui
1569 3010 1687 3079 uestri
1699 3009 1787 3086 Jesu

515 3158 533 3200 e
562 3131 709 3212 Christi,
741 3134 807 3228 qni
832 3159 891 3205 uas
917 3135 1147 3226 regeneravit
1164 3160 1212 3204 ea·
1234 3159 1330 3228 aprra
1354 3143 1388 3204 et
1408 3134 1553 3229 Spiritu
1576 3143 1707 3206 sauata.
1725 3131 1790 3232 ui)

511 3257 615 3330 llaec
644 3274 701 3329 est
729 3257 860 3330 eadem
891 3258 1047 3332 formula
1070 3284 1182 3356 quam
1203 3284 1298 3331 nunc
1327 3284 1478 3356 quoque
1503 3259 1679 3354 temporis
1708 3283 1791 3354 pre·

508 3382 654 3477 sbyteri,
678 3399 762 3478 post
783 3382 948 3455 Silvestri
968 3384 1155 3457 decretum
1177 3385 1303 3477 (Liber
1323 3384 1472 3480 Partif,
1495 3384 1552 3456 ed.
1576 3384 1788 3462 Duchesne.

507 3523 532 3580 t.
552 3508 577 3588 Ι,
597 3533 632 3603 p.
656 3509 753 3604 171),
777 3525 934 3592 servant,
957 3509 1152 3583 chrismate
1170 3509 1321 3606 quidem
1342 3508 1505 3581 liniendo
1525 3508 1694 3594 infantes,
1717 3535 1790 3582 non

508 3633 544 3704 in
566 3633 757 3714 frontibus,
780 3633 847 3706 sed
871 3635 907 3707 in
930 3635 1064 3708 vertice
1087 3635 1190 3720 idest,
1213 3635 1363 3719 cerebra,
1388 3650 1427 3705 ut
1455 3632 1652 3706 declaravit
1680 3635 1790 3707 etiam

509 3760 737 3832 Innocentius
756 3761 790 3832 in
813 3786 880 3834 sua
894 3762 949 3833 ari
959 3763 1170 3834 Decentium
1190 3760 1356 3857 epistola,
1375 3787 1404 3833 c.
1425 3781 1465 3850 3:
1489 3761 1623 3832 «Nam
1643 3761 1791 3856 presby-

516 3885 650 3968 «teris,
683 3912 748 3958 seu
778 3903 881 3958 extra
908 3887 1136 3983 episcopum,
1168 3887 1244 3959 sive
1273 3903 1469 3983 praesente
1489 3886 1676 3981 episcopo
1707 3911 1788 3957 cum

516 4011 747 4107 «baptizant,
778 4010 973 4084 chrismate
1002 4012 1208 4108 baptizatos
1237 4037 1378 4108 ungere
1407 4010 1500 4094 licet,
1524 4010 1589 4082 sed
1619 4010 1720 4106 quod
1743 4011 1790 4083 ab

516 4137 730 4235 «episcopo
751 4136 858 4209 suerit
876 4155 1149 4221 consecratum;
1179 4163 1248 4209 uun
1277 4147 1394 4209 tarrzeu
1412 4135 1578 4230 frontem
1598 4161 1646 4207 ea·
1673 4135 1789 4206 eodem

516 4293 532 4332 e
553 4262 625 4334 alea
642 4263 802 4354 ,rigranne
825 4262 926 4358 quod
947 4262 1035 4335 solis
1054 4262 1211 4335 debetur
1230 4263 1424 4358 episcopia,
1442 4289 1524 4336 cum
1546 4261 1695 4333 tradunt
1710 4259 1790 4354 Spi-

518 4387 663 4460 ‹ritum
696 4387 974 4460 Paracletum.»

580 4659 607 4726 Ι)
626 4659 683 4712 Cir.
705 4662 783 4713 Sacr.
804 4660 902 4712 Gelas.
918 4659 964 4713 ed.
982 4661 1056 4712 Mur,
1078 4673 1126 4724 571
1143 4669 1171 4714 et
1191 4663 1253 4726 596.
1276 4660 1384 4713 Eadem
1401 4661 1521 4714 t'ormuln
1534 4659 1654 4712 occurrit
1669 4659 1697 4710 in
1718 4657 1788 4710 edit.

510 4765 527 4800 a
552 4749 573 4801 ΙΙ
579 4749 683 4810 'aurern
703 4751 761 4802 Tln·
779 4749 904 4816 Litargy
917 4750 975 4802 aad
991 4749 1084 4802 ritual
1094 4750 1134 4816 os
1147 4751 1194 4803 the
1210 4750 1295 4803 Celtic
1308 4752 1424 4810 charra,
1441 4750 1571 4817 (la-sord,
1590 4753 1657 4801 1881
1678 4764 1706 4813 p.
1723 4751 1788 4807 226;

510 4849 538 4892 ct
552 4839 580 4892 in
594 4839 725 4892 Sacram.
745 4839 904 4901 Gallicano,
919 4839 977 4907 (ed.
995 4840 1069 4892 Mur.
1089 4839 1128 4900 ΙΙ,
1149 4841 1213 4906 851)
1232 4839 1408 4906 «suffundit
1428 4839 1560 4892 Carisrna
1575 4838 1604 4890 in
1613 4837 1718 4904 fronte
1729 4837 1792 4901 ejus

512 4927 648 4982 adirent:
668 4929 748 4981 Deus
770 4929 850 4981 Pater
871 4928 988 4981 Domini
1003 4928 1091 4982 nostri
1108 4929 1177 4996 Jesu
1190 4927 1306 4990 Christi,
1319 4928 1368 4994 qui
1382 4937 1411 4982 te
1424 4925 1603 4994 regeneravit
1616 4941 1667 4992 per
1686 4941 1790 4991 aquam

512 5036 527 5067 ι
540 5025 568 5070 et
587 5017 726 5084 Spiritum
746 5019 892 5078 Sanctum,
913 5017 1051 5085 quicquid
1071 5017 1134 5086 (sic)
1154 5017 1206 5071 tibi
1226 5017 1307 5070 dedit
1325 5017 1523 5071 remissionem
1543 5015 1673 5070 omnium
1693 5030 1791 5080 pecca-

512 5115 635 5159 «torum
655 5123 706 5174 per
725 5107 867 5159 lavacrum
894 5107 1118 5171 regenerationis
1137 5116 1164 5159 et
1185 5106 1365 5172 sanguinem,
1378 5106 1468 5174 †ipse
1487 5115 1515 5159 tc
1535 5105 1615 5158 liniat
1639 5103 1791 5158 chrismate

513 5215 528 5246 a
541 5211 595 5248 suo
614 5203 713 5248 sancto
732 5195 760 5248 in
782 5195 867 5248 uitam
887 5205 1072 5248 aeternam.»
