4078 6126
575 522 694 576 ORAT.
718 524 759 577 IN
781 523 1036 586 POCIONARIO,
1060 523 1144 577 ETC.
1486 536 1519 588 77

245 768 383 842 narium
416 785 454 842 et
486 794 616 842 omnes
644 768 855 844 laborantes
884 769 920 842 in
949 795 995 842 eo
1017 769 1227 855 benedicas
1254 770 1428 855 Domine,
1458 771 1521 844 be·

245 893 461 969 nedictionis
489 911 575 969 tuae
604 894 842 980 abundantia,
872 920 947 992 qua
974 895 1037 991 qui
1071 894 1161 968 haec
1189 895 1431 969 odoramenta
1460 921 1520 969 na-

243 1020 341 1092 n'bus
368 1021 531 1118 corporis
550 1021 763 1095 discernunt
780 1019 952 1105 labentia,
975 1020 1244 1117 prohibentiam
1273 1021 1516 1108 continentes

243 1160 391 1220 aeterna
419 1147 652 1244 perfruantur
679 1173 761 1220 cum
790 1146 908 1244 gloria
936 1146 1170 1243 sempiterna,
1200 1172 1276 1243 per.

511 1271 714 1344 ORATIO
746 1272 798 1344 IN
831 1271 1125 1366 QUOQUINA
1154 1268 1248 1373 (sic).
1550 1302 1566 1352 5

350 1423 385 1488 9.
404 1399 510 1472 Deus
524 1416 685 1483 aeterne,
702 1414 789 1471 ante
803 1397 908 1470 cuius
923 1413 1162 1494 conspectum
1182 1397 1366 1470 adsistunt
1384 1397 1518 1495 angeli,

244 1522 386 1622 fulgent
400 1524 447 1609 hi,
464 1540 503 1598 et
521 1549 631 1597 omne
651 1548 811 1620 pompae
830 1524 985 1597 carisma
1005 1523 1081 1621 (sic)
1102 1522 1277 1620 quicquid
1292 1523 1328 1596 in
1345 1539 1425 1596 rota
1438 1549 1522 1597 con-

242 1650 333 1724 tinet
361 1650 498 1736 mundi‚
529 1650 702 1724 adtamen
734 1651 940 1724 necessaria
962 1649 1146 1722 humanae
1177 1649 1345 1723 miseriae
1373 1651 1425 1724 tui
1453 1649 1523 1724 cla-

242 1776 372 1849 rissimi
401 1775 632 1872 conspiciunt
659 1774 771 1861 oculi;
801 1773 1049 1849 habitaculum
1070 1775 1175 1848 istius
1193 1774 1363 1850 officinae
1382 1775 1443 1849 illa
1461 1777 1523 1850 be-

245 1902 452 1976 nedictione
471 1901 662 1999 perfunde,
684 1902 747 1999 qui
777 1928 844 1999 per
868 1927 1000 1976 manus
1023 1900 1187 1975 Haelisei
1209 1902 1245 1973 in
1267 1901 1340 1975 olla
1368 1903 1522 1977 errantis
1553 1937 1586 1973 ιο

241 2044 374 2125 gustus
392 2028 642 2102 amarissimos
661 2027 857 2102 dulcorasti
873 2027 928 2128 11*);
948 2045 989 2102 ut
1007 2028 1212 2103 sufficiente
1231 2044 1339 2126 pasto
1359 2029 1524 2104 habitan·

242 2169 297 2226 tes
316 2152 444 2250 repleti
474 2178 621 2249 semper
645 2153 710 2226 tibi
730 2152 859 2227 laudes
883 2153 1053 2238 referant,
1081 2152 1237 2238 Christe,
1268 2155 1331 2253 qui
1351 2155 1419 2229 das
1447 2181 1525 2228 om·

243 2305 326 2352 nem
355 2305 477 2353 escam
506 2280 615 2366 carni,
647 2297 685 2354 et
712 2278 833 2377 reples
862 2305 1010 2354 omnem
1047 2280 1208 2354 animam
1244 2281 1520 2355 benedictione:

243 2403 303 2500 qui
332 2429 469 2502 regnas
496 2429 579 2477 cum
610 2405 717 2479 Patre
746 2421 784 2478 et
811 2405 949 2502 Spiritu
980 2423 1118 2492 sancto,
1150 2405 1321 2480 Salvator
1348 2407 1487 2481 mundi.

577 2531 781 2604 ORATIO
812 2532 865 2604 IN
898 2532 1189 2606 LARDARIO.
1552 2571 1584 2621 15

358 2683 415 2732 10.
446 2657 697 2755 Omnipotens
726 2674 764 2731 et
791 2658 996 2731 misericors
1027 2659 1142 2744 Deus,
1173 2660 1236 2756 qui
1262 2660 1518 2735 necessitatem

241 2782 389 2858 humani
424 2783 572 2882 generis
600 2784 800 2858 clementer
827 2785 1026 2881 providens
1053 2785 1275 2859 adminicula
1303 2786 1520 2884 temporalia

241 2910 434 2994 contulisti,
456 2909 640 2983 humiliter
669 2910 917 3007 imploramus,
943 2927 984 2984 ut
1009 2912 1228 2986 benedicere
1257 2912 1421 3011 digneris
1450 2912 1519 2986 hoc

241 3035 435 3110 lardarium
465 3035 684 3110 famulorum
712 3053 876 3111 tuorum:
906 3054 948 3111 ut
974 3039 1076 3135 quod
1096 3038 1153 3112 hic
1180 3055 1244 3113 tua
1272 3039 1520 3113 misericordia

242 3162 300 3258 pie
327 3161 491 3248 contulit,
522 3162 652 3237 merito
681 3188 755 3235 non
784 3162 971 3260 depereat.
1552 3202 1586 3238 ιο

589 3288 793 3361 ORATIO
825 3289 878 3360 ΙΝ
910 3289 1170 3362 PlSTRlNO.

354 3437 410 3486 11.
441 3413 697 3488 Sanctificetur
715 3413 812 3486 istud
842 3412 1053 3511 hospitium,
1076 3432 1117 3488 ut
1145 3415 1294 3512 lugetur
1315 3417 1363 3488 ab
1383 3441 1429 3489 eo
1458 3416 1521 3488 im·

244 3537 403 3611 mundus
432 3541 580 3637 spiritus
608 3565 675 3635 per
702 3538 872 3612 virtutem
902 3539 1055 3613 Domini
1084 3542 1198 3614 nostri
1224 3540 1336 3638 Jhesu
1367 3541 1519 3616 Christi:

244 3664 349 3739 detur
378 3667 551 3741 omnibus
580 3667 616 3739 in
644 3691 691 3738 eo
719 3666 1032 3739 commorantibus
1065 3666 1213 3752 sanitas,
1251 3665 1405 3753 claritas,
1435 3667 1524 3741 hila·

242 3792 339 3877 ritas,
369 3808 590 3890 protegente
618 3817 660 3864 ac
689 3807 931 3864 conservante
959 3792 1151 3867 maiestate
1178 3808 1251 3876 tua,
1283 3793 1521 3890 omnipotens
1553 3826 1586 3876 25

246 3918 350 3992 Deus
378 3945 444 4016 per
471 3919 596 3992 omnia
623 3916 769 3992 saecula
798 3917 1039 3992 saeculorum.
1070 3921 1202 3993 Amen.

388 4191 412 4228 1.
440 4173 649 4228 benedictionis
671 4183 738 4227 tuae
766 4173 941 4228 abundantia
969 4191 1040 4241 qua:
1062 4191 1139 4230 corr.
1169 4192 1209 4230 ex
1235 4176 1428 4231 benedictioni
1456 4185 1523 4232 tuae

313 4254 517 4308 abundantiam
532 4271 629 4321 quam.
643 4285 674 4294 -
690 4272 715 4308 2.
727 4253 929 4308 odoramenta:
943 4271 1021 4309 corr.
1036 4273 1076 4309 ex
1088 4265 1137 4309 aut
1150 4266 1327 4311 ornamenta.
1341 4289 1373 4298 -
1384 4262 1411 4312 6.
1427 4259 1522 4312 Deus:

313 4351 390 4390 corr.
410 4352 450 4390 ex
470 4336 525 4390 Da.
546 4367 579 4376 -
600 4351 626 4401 7.
648 4351 805 4401 pompae...
826 4334 981 4402 quicquid:
1001 4352 1079 4388 corr·
1105 4353 1144 4390 ex
1164 4354 1304 4404 pompa...
1319 4338 1368 4404 qui
1387 4339 1468 4405 quid.
1488 4367 1522 4380 -

316 4432 358 4470 10.
378 4416 515 4470 errantis:
534 4432 612 4470 corr.
627 4433 667 4470 ex
679 4415 813 4469 errantia.
830 4445 864 4455 -
880 4431 922 4470 11.
942 4416 1150 4470 amarissimos:
1165 4435 1243 4472 corr.
1263 4436 1303 4472 ex
1316 4419 1520 4473 amarissimus.

314 4525 348 4534 -
370 4512 413 4562 17.
441 4496 632 4550 adminicula:
652 4513 731 4550 corr.
760 4512 800 4550 ex
827 4495 970 4550 annicula.
991 4527 1026 4536 —
1048 4514 1089 4564 19.
1110 4499 1205 4564 quod:
1234 4516 1311 4553 corr.
1340 4517 1380 4553 ex
1407 4500 1467 4568 qui.
1488 4530 1523 4540 —

316 4594 359 4631 22.
375 4577 505 4643 lugetur:
518 4594 596 4632 corr.
616 4594 656 4631 ex
669 4578 757 4643 suget.
780 4607 813 4616 -
835 4592 878 4642 25.
900 4577 1048 4630 maiestate
1060 4586 1125 4632 tua:
1146 4596 1223 4633 corr.
1237 4597 1278 4633 ex
1290 4580 1429 4634 maiestati
1442 4587 1520 4634 tuae.

290 4823 318 4879 9.
344 4804 431 4868 Pam.
456 4822 530 4883 471,
557 4804 639 4866 Mur.
667 4823 739 4881 233.

293 4922 340 4962 10.
367 4903 452 4963 Pam.
478 4921 552 4980 471,
580 4904 661 4964 Mur.
690 4923 761 4980 ²33·
809 4898 928 4980 i‘)csr.:
955 4901 1008 4964 IV.
1036 4903 1115 4983 Reg.
1143 4904 1197 4974 IV,
1223 4925 1274 4984 41.

295 5021 340 5062 11.
368 5001 453 5062 Pam.
480 5019 554 5080 471,
582 5002 664 5063 Mur.
693 5020 765 5078 233.

757 5239 1008 5246 —-.—.....-.-.
