<?xml version="1.0" encoding="UTF-8"?>
<!DOCTYPE html PUBLIC "-//W3C//DTD XHTML 1.0 Transitional//EN"
    "http://www.w3.org/TR/xhtml1/DTD/xhtml1-transitional.dtd">
<html xmlns="http://www.w3.org/1999/xhtml" xml:lang="en" lang="en">
 <head>
  <title>
</title>
<meta http-equiv="Content-Type" content="text/html;charset=utf-8" />
  <meta name='ocr-system' content='tesseract 3.04.00' />
  <meta name='ocr-capabilities' content='ocr_page ocr_carea ocr_par ocr_line ocrx_word'/>
</head>
<body>
  <div class='ocr_page' id='page_1' title='image "./pontificaleinus00churgoog_0041.png"; bbox 0 0 4084 6128; ppageno 0'>
   <div class='ocr_carea' id='block_1_1' title="bbox 1064 514 1290 566">
    <p class='ocr_par' dir='ltr' id='par_1_1' title="bbox 1064 514 1290 566">
     <span class='ocr_line' id='line_1_1' title="bbox 1064 514 1290 566; baseline 0 0"><span class='ocrx_word' id='word_1_1' title='bbox 1064 514 1290 566; x_wconf 70' lang='lat' dir='ltr'>PRAEFATIO</span> 
     </span>
    </p>
   </div>
   <div class='ocr_carea' id='block_1_2' title="bbox 818 627 1814 637">
    <p class='ocr_par' dir='ltr' id='par_1_2' title="bbox 818 627 1814 637">
     <span class='ocr_line' id='line_1_2' title="bbox 818 627 1814 637; baseline 0 -3"><span class='ocrx_word' id='word_1_2' title='bbox 818 630 949 637; x_wconf 74' lang='lat'>-.-.-—--</span> <span class='ocrx_word' id='word_1_3' title='bbox 990 627 1814 636; x_wconf 54' lang='lat' dir='ltr'><em>m----—-—-·--————-—-——-———</em></span> 
     </span>
    </p>
   </div>
   <div class='ocr_carea' id='block_1_3' title="bbox 583 865 1775 939">
    <p class='ocr_par' dir='ltr' id='par_1_3' title="bbox 583 865 1775 939">
     <span class='ocr_line' id='line_1_3' title="bbox 583 865 1775 939; baseline 0.002 -2"><span class='ocrx_word' id='word_1_4' title='bbox 583 865 655 938; x_wconf 89' lang='lat' dir='ltr'>DE</span> <span class='ocrx_word' id='word_1_5' title='bbox 699 865 992 939; x_wconf 84' lang='lat' dir='ltr'>ECCLESIAE</span> <span class='ocrx_word' id='word_1_6' title='bbox 1038 865 1412 938; x_wconf 80' lang='lat' dir='ltr'>DEDICATIONE</span> <span class='ocrx_word' id='word_1_7' title='bbox 1455 865 1775 939; x_wconf 80' lang='lat' dir='ltr'>TRACTATUS</span> 
     </span>
    </p>
   </div>
   <div class='ocr_carea' id='block_1_4' title="bbox 634 981 1717 1087">
    <p class='ocr_par' dir='ltr' id='par_1_4' title="bbox 634 981 1717 1087">
     <span class='ocr_line' id='line_1_4' title="bbox 634 981 1717 1087; baseline -0.001 -25"><span class='ocrx_word' id='word_1_8' title='bbox 634 1017 653 1062; x_wconf 87' lang='lat' dir='ltr'>e</span> <span class='ocrx_word' id='word_1_9' title='bbox 679 981 799 1063; x_wconf 77' lang='lat' dir='ltr'>codice¹</span> <span class='ocrx_word' id='word_1_10' title='bbox 817 992 1044 1063; x_wconf 78' lang='lat' dir='ltr'>anzbrosr&#39;urro</span> <span class='ocrx_word' id='word_1_11' title='bbox 1071 1018 1159 1063; x_wconf 82' lang='lat' dir='ltr'>suec.</span> <span class='ocrx_word' id='word_1_12' title='bbox 1194 992 1292 1071; x_wconf 81' lang='lat' dir='ltr'>XII,</span> <span class='ocrx_word' id='word_1_13' title='bbox 1322 992 1442 1086; x_wconf 66' lang='lat' dir='ltr'>sigor:</span> <span class='ocrx_word' id='word_1_14' title='bbox 1471 991 1502 1073; x_wconf 87' lang='lat' dir='ltr'>l,</span> <span class='ocrx_word' id='word_1_15' title='bbox 1537 1011 1620 1082; x_wconf 77' lang='lat'>152,</span> <span class='ocrx_word' id='word_1_16' title='bbox 1650 992 1717 1087; x_wconf 82' lang='lat' dir='ltr'>z&#39;rrs.</span> 
     </span>
    </p>
   </div>
   <div class='ocr_carea' id='block_1_5' title="bbox 538 1205 1915 3060">
    <p class='ocr_par' dir='ltr' id='par_1_5' title="bbox 538 1205 1915 3060">
     <span class='ocr_line' id='line_1_5' title="bbox 645 1205 1814 1303; baseline 0.001 -26"><span class='ocrx_word' id='word_1_17' title='bbox 645 1207 686 1278; x_wconf 94' lang='lat' dir='ltr'>ln</span> <span class='ocrx_word' id='word_1_18' title='bbox 706 1206 787 1279; x_wconf 89' lang='lat' dir='ltr'>cod.</span> <span class='ocrx_word' id='word_1_19' title='bbox 810 1207 1059 1281; x_wconf 82' lang='lat' dir='ltr'>Ambrosiano</span> <span class='ocrx_word' id='word_1_20' title='bbox 1078 1232 1173 1279; x_wconf 89' lang='lat' dir='ltr'>saec.</span> <span class='ocrx_word' id='word_1_21' title='bbox 1198 1207 1284 1291; x_wconf 87' lang='lat' dir='ltr'>Xll,</span> <span class='ocrx_word' id='word_1_22' title='bbox 1307 1232 1353 1278; x_wconf 79' lang='lat' dir='ltr'>ex</span> <span class='ocrx_word' id='word_1_23' title='bbox 1381 1231 1456 1303; x_wconf 90' lang='lat' dir='ltr'>quo</span> <span class='ocrx_word' id='word_1_24' title='bbox 1482 1205 1680 1278; x_wconf 86' lang='lat' dir='ltr'>Beroldum</span> <span class='ocrx_word' id='word_1_25' title='bbox 1705 1206 1814 1284; x_wconf 82' lang='lat' dir='ltr'>edidi.</span> 
     </span>
     <span class='ocr_line' id='line_1_6' title="bbox 538 1331 1810 1428; baseline -0.005 -25"><span class='ocrx_word' id='word_1_26' title='bbox 538 1331 598 1404; x_wconf 78' lang='lat' dir='ltr'>iol.</span> <span class='ocrx_word' id='word_1_27' title='bbox 631 1331 795 1404; x_wconf 87' lang='lat' dir='ltr'>CLXXI</span> <span class='ocrx_word' id='word_1_28' title='bbox 833 1351 989 1428; x_wconf 81' lang='lat' dir='ltr'>prostat:</span> <span class='ocrx_word' id='word_1_29' title='bbox 1018 1334 1116 1404; x_wconf 81' lang='lat' dir='ltr'>«De</span> <span class='ocrx_word' id='word_1_30' title='bbox 1148 1333 1308 1405; x_wconf 81' lang='lat' dir='ltr'>ecclcsrire</span> <span class='ocrx_word' id='word_1_31' title='bbox 1342 1332 1560 1403; x_wconf 75' lang='lat' dir='ltr'>dedr&#39;ralrime</span> <span class='ocrx_word' id='word_1_32' title='bbox 1594 1342 1810 1404; x_wconf 64' lang='lat' dir='ltr'>lr‘oclalrtss</span> 
     </span>
     <span class='ocr_line' id='line_1_7' title="bbox 538 1455 1815 1552; baseline 0.004 -24"><span class='ocrx_word' id='word_1_33' title='bbox 538 1457 611 1552; x_wconf 93' lang='lat' dir='ltr'>qui,</span> <span class='ocrx_word' id='word_1_34' title='bbox 634 1456 827 1531; x_wconf 86' lang='lat' dir='ltr'>deficiente</span> <span class='ocrx_word' id='word_1_35' title='bbox 847 1459 946 1530; x_wconf 92' lang='lat' dir='ltr'>omni</span> <span class='ocrx_word' id='word_1_36' title='bbox 968 1457 1169 1531; x_wconf 86' lang='lat' dir='ltr'>Pontificali</span> <span class='ocrx_word' id='word_1_37' title='bbox 1195 1455 1477 1541; x_wconf 84' lang='lat' dir='ltr'>Mediolanensi,</span> <span class='ocrx_word' id='word_1_38' title='bbox 1501 1456 1599 1528; x_wconf 88' lang='lat' dir='ltr'>unde</span> <span class='ocrx_word' id='word_1_39' title='bbox 1619 1474 1815 1533; x_wconf 88' lang='lat' dir='ltr'>constaret.</span> 
     </span>
     <span class='ocr_line' id='line_1_8' title="bbox 538 1582 1815 1680; baseline 0 -24"><span class='ocrx_word' id='word_1_40' title='bbox 538 1607 665 1656; x_wconf 78' lang='lat' dir='ltr'>revera</span> <span class='ocrx_word' id='word_1_41' title='bbox 693 1582 783 1655; x_wconf 90' lang='lat' dir='ltr'>ritus</span> <span class='ocrx_word' id='word_1_42' title='bbox 812 1584 847 1654; x_wconf 92' lang='lat' dir='ltr'>in</span> <span class='ocrx_word' id='word_1_43' title='bbox 877 1584 959 1680; x_wconf 94' lang='lat' dir='ltr'>ipso</span> <span class='ocrx_word' id='word_1_44' title='bbox 988 1600 1141 1657; x_wconf 87' lang='lat' dir='ltr'>tractatu</span> <span class='ocrx_word' id='word_1_45' title='bbox 1170 1583 1360 1678; x_wconf 87' lang='lat' dir='ltr'>expositos</span> <span class='ocrx_word' id='word_1_46' title='bbox 1391 1582 1593 1655; x_wconf 81' lang='lat' dir='ltr'>Mediolani</span> <span class='ocrx_word' id='word_1_47' title='bbox 1622 1609 1718 1656; x_wconf 89' lang='lat' dir='ltr'>saec.</span> <span class='ocrx_word' id='word_1_48' title='bbox 1741 1585 1815 1656; x_wconf 87' lang='lat' dir='ltr'>Xll</span> 
     </span>
     <span class='ocr_line' id='line_1_9' title="bbox 539 1696 1915 1790; baseline 0.001 -11"><span class='ocrx_word' id='word_1_49' title='bbox 539 1707 652 1780; x_wconf 85' lang='lat' dir='ltr'>luisse</span> <span class='ocrx_word' id='word_1_50' title='bbox 681 1723 862 1790; x_wconf 90' lang='lat' dir='ltr'>servatos,</span> <span class='ocrx_word' id='word_1_51' title='bbox 894 1707 984 1780; x_wconf 91' lang='lat' dir='ltr'>alias</span> <span class='ocrx_word' id='word_1_52' title='bbox 1013 1710 1049 1780; x_wconf 94' lang='lat' dir='ltr'>in</span> <span class='ocrx_word' id='word_1_53' title='bbox 1078 1709 1292 1782; x_wconf 84' lang='lat' dir='ltr'>recensione</span> <span class='ocrx_word' id='word_1_54' title='bbox 1327 1708 1449 1780; x_wconf 91' lang='lat' dir='ltr'>critica</span> <span class='ocrx_word' id='word_1_55' title='bbox 1481 1707 1647 1780; x_wconf 87' lang='lat' dir='ltr'>eiusdem</span> <span class='ocrx_word' id='word_1_56' title='bbox 1682 1709 1819 1782; x_wconf 89' lang='lat' dir='ltr'>codicis</span> <span class='ocrx_word' id='word_1_57' title='bbox 1908 1696 1915 1706; x_wconf 51' lang='lat'><strong>⁹</strong></span> 
     </span>
     <span class='ocr_line' id='line_1_10' title="bbox 538 1833 1818 1931; baseline -0.002 -23"><span class='ocrx_word' id='word_1_58' title='bbox 538 1835 678 1909; x_wconf 87' lang='lat' dir='ltr'>asserui</span> <span class='ocrx_word' id='word_1_59' title='bbox 709 1833 845 1906; x_wconf 91' lang='lat' dir='ltr'>nullam</span> <span class='ocrx_word' id='word_1_60' title='bbox 874 1859 920 1905; x_wconf 84' lang='lat' dir='ltr'>ex</span> <span class='ocrx_word' id='word_1_61' title='bbox 949 1835 1030 1930; x_wconf 87' lang='lat' dir='ltr'>ipso</span> <span class='ocrx_word' id='word_1_62' title='bbox 1059 1834 1136 1906; x_wconf 91' lang='lat' dir='ltr'>erui</span> <span class='ocrx_word' id='word_1_63' title='bbox 1165 1851 1252 1906; x_wconf 88' lang='lat' dir='ltr'>tunc</span> <span class='ocrx_word' id='word_1_64' title='bbox 1284 1858 1396 1928; x_wconf 90' lang='lat' dir='ltr'>posse</span> <span class='ocrx_word' id='word_1_65' title='bbox 1430 1834 1597 1906; x_wconf 86' lang='lat' dir='ltr'>notitiam</span> <span class='ocrx_word' id='word_1_66' title='bbox 1625 1859 1700 1931; x_wconf 91' lang='lat' dir='ltr'>qua</span> <span class='ocrx_word' id='word_1_67' title='bbox 1729 1835 1818 1907; x_wconf 85' lang='lat' dir='ltr'>ritus</span> 
     </span>
     <span class='ocr_line' id='line_1_11' title="bbox 538 1958 1820 2035; baseline -0.001 -1"><span class='ocrx_word' id='word_1_68' title='bbox 538 1977 721 2035; x_wconf 86' lang='lat' dir='ltr'>nostrates</span> <span class='ocrx_word' id='word_1_69' title='bbox 750 1959 984 2033; x_wconf 86' lang='lat' dir='ltr'>illustrentur.</span> <span class='ocrx_word' id='word_1_70' title='bbox 1019 1961 1162 2032; x_wconf 83' lang='lat' dir='ltr'>Recens</span> <span class='ocrx_word' id='word_1_71' title='bbox 1192 1959 1354 2031; x_wconf 88' lang='lat' dir='ltr'>inventio</span> <span class='ocrx_word' id='word_1_72' title='bbox 1385 1958 1608 2032; x_wconf 83' lang='lat' dir='ltr'>Pontificalis</span> <span class='ocrx_word' id='word_1_73' title='bbox 1640 1959 1820 2034; x_wconf 79' lang='lat' dir='ltr'>llediola-</span> 
     </span>
     <span class='ocr_line' id='line_1_12' title="bbox 540 2085 1816 2182; baseline -0.002 -22"><span class='ocrx_word' id='word_1_74' title='bbox 540 2087 664 2161; x_wconf 91' lang='lat' dir='ltr'>nensis</span> <span class='ocrx_word' id='word_1_75' title='bbox 693 2112 788 2160; x_wconf 89' lang='lat' dir='ltr'>saec.</span> <span class='ocrx_word' id='word_1_76' title='bbox 822 2086 876 2157; x_wconf 91' lang='lat' dir='ltr'>lX</span> <span class='ocrx_word' id='word_1_77' title='bbox 906 2103 1117 2182; x_wconf 87' lang='lat' dir='ltr'>opportuna</span> <span class='ocrx_word' id='word_1_78' title='bbox 1144 2087 1257 2170; x_wconf 78' lang='lat' dir='ltr'>affuit,</span> <span class='ocrx_word' id='word_1_79' title='bbox 1280 2102 1321 2157; x_wconf 92' lang='lat' dir='ltr'>ut</span> <span class='ocrx_word' id='word_1_80' title='bbox 1339 2085 1449 2157; x_wconf 89' lang='lat' dir='ltr'>etiam</span> <span class='ocrx_word' id='word_1_81' title='bbox 1478 2112 1523 2159; x_wconf 82' lang='lat' dir='ltr'>ex</span> <span class='ocrx_word' id='word_1_82' title='bbox 1552 2085 1621 2158; x_wconf 93' lang='lat' dir='ltr'>hoc</span> <span class='ocrx_word' id='word_1_83' title='bbox 1649 2102 1816 2167; x_wconf 87' lang='lat' dir='ltr'>tractatu,</span> 
     </span>
     <span class='ocr_line' id='line_1_13' title="bbox 539 2209 1820 2309; baseline 0.001 -24"><span class='ocrx_word' id='word_1_84' title='bbox 539 2213 693 2308; x_wconf 92' lang='lat' dir='ltr'>mystico</span> <span class='ocrx_word' id='word_1_85' title='bbox 721 2212 844 2309; x_wconf 90' lang='lat' dir='ltr'>potius</span> <span class='ocrx_word' id='word_1_86' title='bbox 873 2237 984 2308; x_wconf 90' lang='lat' dir='ltr'>quarn</span> <span class='ocrx_word' id='word_1_87' title='bbox 1013 2211 1191 2308; x_wconf 82' lang='lat' dir='ltr'>liturgico,</span> <span class='ocrx_word' id='word_1_88' title='bbox 1223 2211 1361 2307; x_wconf 89' lang='lat' dir='ltr'>aliquid</span> <span class='ocrx_word' id='word_1_89' title='bbox 1391 2209 1594 2284; x_wconf 87' lang='lat' dir='ltr'>delibarem</span> <span class='ocrx_word' id='word_1_90' title='bbox 1623 2238 1699 2309; x_wconf 89' lang='lat' dir='ltr'>quo</span> <span class='ocrx_word' id='word_1_91' title='bbox 1729 2238 1820 2286; x_wconf 88' lang='lat' dir='ltr'>non·</span> 
     </span>
     <span class='ocr_line' id='line_1_14' title="bbox 540 2335 1818 2422; baseline 0 -12"><span class='ocrx_word' id='word_1_92' title='bbox 540 2337 658 2410; x_wconf 88' lang='lat' dir='ltr'>nullos</span> <span class='ocrx_word' id='word_1_93' title='bbox 678 2337 767 2410; x_wconf 93' lang='lat' dir='ltr'>ritus</span> <span class='ocrx_word' id='word_1_94' title='bbox 787 2337 822 2408; x_wconf 93' lang='lat' dir='ltr'>in</span> <span class='ocrx_word' id='word_1_95' title='bbox 839 2337 878 2407; x_wconf 79' lang='lat' dir='ltr'><em>A</em></span> <span class='ocrx_word' id='word_1_96' title='bbox 893 2335 1070 2408; x_wconf 91' lang='lat' dir='ltr'>obscuros</span> <span class='ocrx_word' id='word_1_97' title='bbox 1091 2335 1325 2422; x_wconf 89' lang='lat' dir='ltr'>illustrarem;</span> <span class='ocrx_word' id='word_1_98' title='bbox 1343 2362 1409 2409; x_wconf 93' lang='lat' dir='ltr'>nec</span> <span class='ocrx_word' id='word_1_99' title='bbox 1424 2336 1588 2409; x_wconf 86' lang='lat' dir='ltr'>officeret</span> <span class='ocrx_word' id='word_1_100' title='bbox 1601 2337 1631 2408; x_wconf 93' lang='lat' dir='ltr'>si</span> <span class='ocrx_word' id='word_1_101' title='bbox 1652 2338 1818 2412; x_wconf 89' lang='lat' dir='ltr'>eiusdem</span> 
     </span>
     <span class='ocr_line' id='line_1_15' title="bbox 538 2462 1817 2560; baseline -0.001 -25"><span class='ocrx_word' id='word_1_102' title='bbox 538 2481 666 2536; x_wconf 86' lang='lat' dir='ltr'>auctor</span> <span class='ocrx_word' id='word_1_103' title='bbox 694 2462 788 2535; x_wconf 82' lang='lat' dir='ltr'>foret</span> <span class='ocrx_word' id='word_1_104' title='bbox 815 2488 911 2536; x_wconf 88' lang='lat' dir='ltr'>nnus</span> <span class='ocrx_word' id='word_1_105' title='bbox 940 2488 986 2534; x_wconf 84' lang='lat' dir='ltr'>ex</span> <span class='ocrx_word' id='word_1_106' title='bbox 1015 2463 1216 2535; x_wconf 88' lang='lat' dir='ltr'>notissimis</span> <span class='ocrx_word' id='word_1_107' title='bbox 1251 2462 1462 2534; x_wconf 90' lang='lat' dir='ltr'>auctoribus</span> <span class='ocrx_word' id='word_1_108' title='bbox 1491 2462 1601 2534; x_wconf 90' lang='lat' dir='ltr'>medii</span> <span class='ocrx_word' id='word_1_109' title='bbox 1630 2463 1722 2547; x_wconf 90' lang='lat' dir='ltr'>aevi,</span> <span class='ocrx_word' id='word_1_110' title='bbox 1754 2463 1817 2560; x_wconf 89' lang='lat' dir='ltr'>qui</span> 
     </span>
     <span class='ocr_line' id='line_1_16' title="bbox 540 2586 1818 2686; baseline 0.001 -26"><span class='ocrx_word' id='word_1_111' title='bbox 540 2604 580 2660; x_wconf 90' lang='lat' dir='ltr'>ut</span> <span class='ocrx_word' id='word_1_112' title='bbox 607 2613 652 2660; x_wconf 91' lang='lat' dir='ltr'>ea</span> <span class='ocrx_word' id='word_1_113' title='bbox 680 2603 902 2686; x_wconf 89' lang='lat' dir='ltr'>tempestate</span> <span class='ocrx_word' id='word_1_114' title='bbox 931 2586 1114 2672; x_wconf 89' lang='lat' dir='ltr'>solebant,</span> <span class='ocrx_word' id='word_1_115' title='bbox 1148 2589 1181 2659; x_wconf 92' lang='lat' dir='ltr'>in</span> <span class='ocrx_word' id='word_1_116' title='bbox 1217 2588 1389 2682; x_wconf 85' lang='lat' dir='ltr'>mysticas</span> <span class='ocrx_word' id='word_1_117' title='bbox 1417 2603 1455 2659; x_wconf 91' lang='lat' dir='ltr'>et</span> <span class='ocrx_word' id='word_1_118' title='bbox 1490 2587 1642 2659; x_wconf 90' lang='lat' dir='ltr'>omnino</span> <span class='ocrx_word' id='word_1_119' title='bbox 1670 2589 1818 2661; x_wconf 90' lang='lat' dir='ltr'>arbitra-</span> 
     </span>
     <span class='ocr_line' id='line_1_17' title="bbox 540 2699 1819 2810; baseline 0.001 -26"><span class='ocrx_word' id='word_1_120' title='bbox 540 2714 612 2785; x_wconf 87' lang='lat' dir='ltr'>rias</span> <span class='ocrx_word' id='word_1_121' title='bbox 640 2713 892 2808; x_wconf 82' lang='lat' dir='ltr'>expositiones</span> <span class='ocrx_word' id='word_1_122' title='bbox 921 2699 1179 2810; x_wconf 48' lang='lat' dir='ltr'>vagabantur}</span> <span class='ocrx_word' id='word_1_123' title='bbox 1200 2738 1282 2785; x_wconf 91' lang='lat' dir='ltr'>nam</span> <span class='ocrx_word' id='word_1_124' title='bbox 1303 2738 1349 2784; x_wconf 93' lang='lat' dir='ltr'>eo</span> <span class='ocrx_word' id='word_1_125' title='bbox 1373 2713 1453 2809; x_wconf 93' lang='lat' dir='ltr'>ipso</span> <span class='ocrx_word' id='word_1_126' title='bbox 1483 2712 1583 2808; x_wconf 91' lang='lat' dir='ltr'>quod</span> <span class='ocrx_word' id='word_1_127' title='bbox 1614 2739 1696 2785; x_wconf 89' lang='lat' dir='ltr'>cum</span> <span class='ocrx_word' id='word_1_128' title='bbox 1725 2714 1819 2786; x_wconf 78' lang='lat' dir='ltr'>l&#39;on-</span> 
     </span>
     <span class='ocr_line' id='line_1_18' title="bbox 540 2836 1823 2912; baseline 0.001 -2"><span class='ocrx_word' id='word_1_129' title='bbox 540 2836 661 2910; x_wconf 85' lang='lat' dir='ltr'>tificali</span> <span class='ocrx_word' id='word_1_130' title='bbox 690 2838 926 2912; x_wconf 86' lang='lat' dir='ltr'>ambrosiano</span> <span class='ocrx_word' id='word_1_131' title='bbox 954 2839 1126 2911; x_wconf 92' lang='lat' dir='ltr'>convenit</span> <span class='ocrx_word' id='word_1_132' title='bbox 1156 2854 1193 2910; x_wconf 92' lang='lat' dir='ltr'>et</span> <span class='ocrx_word' id='word_1_133' title='bbox 1222 2839 1258 2909; x_wconf 94' lang='lat' dir='ltr'>in</span> <span class='ocrx_word' id='word_1_134' title='bbox 1286 2838 1412 2910; x_wconf 87' lang='lat' dir='ltr'>codice</span> <span class='ocrx_word' id='word_1_135' title='bbox 1440 2837 1707 2910; x_wconf 89' lang='lat' dir='ltr'>mediolanensi</span> <span class='ocrx_word' id='word_1_136' title='bbox 1737 2865 1823 2911; x_wconf 92' lang='lat' dir='ltr'>con-</span> 
     </span>
     <span class='ocr_line' id='line_1_19' title="bbox 540 2962 1822 3060; baseline -0.001 -23"><span class='ocrx_word' id='word_1_137' title='bbox 540 2965 677 3037; x_wconf 87' lang='lat' dir='ltr'>tinetur</span> <span class='ocrx_word' id='word_1_138' title='bbox 705 2962 764 3036; x_wconf 92' lang='lat' dir='ltr'>ille</span> <span class='ocrx_word' id='word_1_139' title='bbox 793 2980 978 3050; x_wconf 90' lang='lat' dir='ltr'>tractatus,</span> <span class='ocrx_word' id='word_1_140' title='bbox 1010 2965 1237 3038; x_wconf 90' lang='lat' dir='ltr'>censendum</span> <span class='ocrx_word' id='word_1_141' title='bbox 1261 2980 1319 3036; x_wconf 90' lang='lat' dir='ltr'>est</span> <span class='ocrx_word' id='word_1_142' title='bbox 1345 2990 1390 3037; x_wconf 91' lang='lat' dir='ltr'>ea</span> <span class='ocrx_word' id='word_1_143' title='bbox 1414 2965 1566 3059; x_wconf 87' lang='lat' dir='ltr'>mystica</span> <span class='ocrx_word' id='word_1_144' title='bbox 1590 2966 1822 3060; x_wconf 88' lang='lat' dir='ltr'>expositione</span> 
     </span>
    </p>
   </div>
   <div class='ocr_carea' id='block_1_6' title="bbox 450 3079 1821 3438">
    <p class='ocr_par' dir='ltr' id='par_1_6' title="bbox 450 3079 1821 3438">
     <span class='ocr_line' id='line_1_20' title="bbox 450 3079 1820 3186; baseline -0.001 -25"><span class='ocrx_word' id='word_1_145' title='bbox 450 3079 452 3084; x_wconf 40' lang='lat'>¹</span> <span class='ocrx_word' id='word_1_146' title='bbox 540 3089 664 3162; x_wconf 90' lang='lat' dir='ltr'>reserri</span> <span class='ocrx_word' id='word_1_147' title='bbox 694 3090 834 3186; x_wconf 88' lang='lat' dir='ltr'>praxim</span> <span class='ocrx_word' id='word_1_148' title='bbox 857 3090 1169 3164; x_wconf 90' lang='lat' dir='ltr'>caeremoniarum</span> <span class='ocrx_word' id='word_1_149' title='bbox 1198 3089 1364 3161; x_wconf 89' lang='lat' dir='ltr'>eiusdem</span> <span class='ocrx_word' id='word_1_150' title='bbox 1383 3089 1525 3162; x_wconf 90' lang='lat' dir='ltr'>aetatis.</span> <span class='ocrx_word' id='word_1_151' title='bbox 1559 3089 1667 3181; x_wconf 78' lang='lat' dir='ltr'>Quae</span> <span class='ocrx_word' id='word_1_152' title='bbox 1696 3107 1820 3162; x_wconf 88' lang='lat' dir='ltr'>autem</span> 
     </span>
     <span class='ocr_line' id='line_1_21' title="bbox 541 3213 1821 3300; baseline 0 -13"><span class='ocrx_word' id='word_1_153' title='bbox 541 3241 587 3287; x_wconf 90' lang='lat' dir='ltr'>ex</span> <span class='ocrx_word' id='word_1_154' title='bbox 606 3213 675 3287; x_wconf 92' lang='lat' dir='ltr'>hoc</span> <span class='ocrx_word' id='word_1_155' title='bbox 694 3231 847 3288; x_wconf 89' lang='lat' dir='ltr'>tractatu</span> <span class='ocrx_word' id='word_1_156' title='bbox 870 3215 1146 3288; x_wconf 89' lang='lat' dir='ltr'>transcribenda</span> <span class='ocrx_word' id='word_1_157' title='bbox 1174 3231 1270 3300; x_wconf 89' lang='lat' dir='ltr'>sunt,</span> <span class='ocrx_word' id='word_1_158' title='bbox 1301 3239 1346 3287; x_wconf 91' lang='lat' dir='ltr'>ea</span> <span class='ocrx_word' id='word_1_159' title='bbox 1375 3215 1410 3287; x_wconf 91' lang='lat' dir='ltr'>in</span> <span class='ocrx_word' id='word_1_160' title='bbox 1441 3214 1537 3286; x_wconf 91' lang='lat' dir='ltr'>notis</span> <span class='ocrx_word' id='word_1_161' title='bbox 1565 3215 1612 3286; x_wconf 90' lang='lat' dir='ltr'>ad</span> <span class='ocrx_word' id='word_1_162' title='bbox 1640 3215 1821 3287; x_wconf 90' lang='lat' dir='ltr'>Ordinem</span> 
     </span>
     <span class='ocr_line' id='line_1_22' title="bbox 542 3339 1721 3438; baseline 0 -24"><span class='ocrx_word' id='word_1_163' title='bbox 542 3340 797 3414; x_wconf 92' lang='lat' dir='ltr'>Dedicationis</span> <span class='ocrx_word' id='word_1_164' title='bbox 826 3343 901 3413; x_wconf 86' lang='lat' dir='ltr'>suis</span> <span class='ocrx_word' id='word_1_165' title='bbox 930 3341 1019 3414; x_wconf 90' lang='lat' dir='ltr'>locis</span> <span class='ocrx_word' id='word_1_166' title='bbox 1052 3367 1135 3413; x_wconf 94' lang='lat' dir='ltr'>cum</span> <span class='ocrx_word' id='word_1_167' title='bbox 1164 3342 1273 3438; x_wconf 87' lang='lat' dir='ltr'>signo</span> <span class='ocrx_word' id='word_1_168' title='bbox 1303 3341 1343 3411; x_wconf 80' lang='lat' dir='ltr'><em>E</em></span> <span class='ocrx_word' id='word_1_169' title='bbox 1368 3339 1524 3412; x_wconf 81' lang='lat' dir='ltr'>fideliter</span> <span class='ocrx_word' id='word_1_170' title='bbox 1555 3339 1721 3414; x_wconf 89' lang='lat' dir='ltr'>indicavi.</span> 
     </span>
    </p>
   </div>
   <div class='ocr_carea' id='block_1_7' title="bbox 878 3590 1479 3664">
    <p class='ocr_par' dir='ltr' id='par_1_7' title="bbox 878 3590 1479 3664">
     <span class='ocr_line' id='line_1_23' title="bbox 878 3590 1479 3664; baseline 0 -2"><span class='ocrx_word' id='word_1_171' title='bbox 878 3592 949 3662; x_wconf 80' lang='lat' dir='ltr'>OE</span> <span class='ocrx_word' id='word_1_172' title='bbox 991 3590 1129 3662; x_wconf 77' lang='lat' dir='ltr'>ALIIS</span> <span class='ocrx_word' id='word_1_173' title='bbox 1176 3590 1479 3664; x_wconf 78' lang='lat' dir='ltr'>CODICIBUS.</span> 
     </span>
    </p>
   </div>
   <div class='ocr_carea' id='block_1_8' title="bbox 538 3802 1823 5154">
    <p class='ocr_par' dir='ltr' id='par_1_8' title="bbox 538 3802 1823 5154">
     <span class='ocr_line' id='line_1_24' title="bbox 649 3802 1823 3904; baseline 0.005 -28"><span class='ocrx_word' id='word_1_174' title='bbox 649 3805 735 3876; x_wconf 90' lang='lat' dir='ltr'>Non</span> <span class='ocrx_word' id='word_1_175' title='bbox 765 3802 834 3876; x_wconf 92' lang='lat' dir='ltr'>hoc</span> <span class='ocrx_word' id='word_1_176' title='bbox 863 3803 943 3877; x_wconf 91' lang='lat' dir='ltr'>loco</span> <span class='ocrx_word' id='word_1_177' title='bbox 972 3805 1070 3877; x_wconf 88' lang='lat' dir='ltr'>dabo</span> <span class='ocrx_word' id='word_1_178' title='bbox 1099 3806 1259 3878; x_wconf 89' lang='lat' dir='ltr'>criticam</span> <span class='ocrx_word' id='word_1_179' title='bbox 1289 3807 1543 3879; x_wconf 87' lang='lat' dir='ltr'>recensionem</span> <span class='ocrx_word' id='word_1_180' title='bbox 1577 3805 1823 3904; x_wconf 26' lang='lat' dir='ltr'>codicumlex</span> 
     </span>
     <span class='ocr_line' id='line_1_25' title="bbox 539 3929 1819 4028; baseline 0.002 -28"><span class='ocrx_word' id='word_1_181' title='bbox 539 3929 674 4025; x_wconf 88' lang='lat' dir='ltr'>quibus</span> <span class='ocrx_word' id='word_1_182' title='bbox 695 3929 860 4025; x_wconf 87' lang='lat' dir='ltr'>excerpsi</span> <span class='ocrx_word' id='word_1_183' title='bbox 882 3929 1045 4003; x_wconf 90' lang='lat' dir='ltr'>Ordines</span> <span class='ocrx_word' id='word_1_184' title='bbox 1065 3931 1185 4003; x_wconf 89' lang='lat' dir='ltr'>editos</span> <span class='ocrx_word' id='word_1_185' title='bbox 1207 3931 1241 4002; x_wconf 90' lang='lat' dir='ltr'>in</span> <span class='ocrx_word' id='word_1_186' title='bbox 1263 3933 1472 4028; x_wconf 76' lang='lat' dir='ltr'>Appendr&#39;ce</span> <span class='ocrx_word' id='word_1_187' title='bbox 1491 3931 1537 4004; x_wconf 90' lang='lat' dir='ltr'>ad</span> <span class='ocrx_word' id='word_1_188' title='bbox 1555 3934 1615 4002; x_wconf 72' lang='lat' dir='ltr'>sl:</span> <span class='ocrx_word' id='word_1_189' title='bbox 1634 3932 1710 4003; x_wconf 85' lang='lat' dir='ltr'>suis</span> <span class='ocrx_word' id='word_1_190' title='bbox 1730 3931 1819 4004; x_wconf 91' lang='lat' dir='ltr'>locis</span> 
     </span>
     <span class='ocr_line' id='line_1_26' title="bbox 540 4055 1820 4152; baseline 0.002 -26"><span class='ocrx_word' id='word_1_191' title='bbox 540 4055 575 4126; x_wconf 93' lang='lat' dir='ltr'>in</span> <span class='ocrx_word' id='word_1_192' title='bbox 598 4055 693 4126; x_wconf 89' lang='lat' dir='ltr'>notis</span> <span class='ocrx_word' id='word_1_193' title='bbox 714 4055 937 4127; x_wconf 84' lang='lat' dir='ltr'>sufficienter</span> <span class='ocrx_word' id='word_1_194' title='bbox 966 4056 1224 4129; x_wconf 89' lang='lat' dir='ltr'>indicabuntur</span> <span class='ocrx_word' id='word_1_195' title='bbox 1252 4083 1351 4141; x_wconf 67' lang='lat' dir='ltr'>mss,</span> <span class='ocrx_word' id='word_1_196' title='bbox 1379 4057 1477 4130; x_wconf 90' lang='lat' dir='ltr'>unde</span> <span class='ocrx_word' id='word_1_197' title='bbox 1497 4058 1709 4152; x_wconf 87' lang='lat' dir='ltr'>deprompsi</span> <span class='ocrx_word' id='word_1_198' title='bbox 1739 4056 1820 4129; x_wconf 90' lang='lat' dir='ltr'>illos</span> 
     </span>
     <span class='ocr_line' id='line_1_27' title="bbox 541 4181 1823 4278; baseline 0.003 -26"><span class='ocrx_word' id='word_1_199' title='bbox 541 4181 714 4264; x_wconf 68' lang='lat' dir='ltr'>Ordines</span> <span class='ocrx_word' id='word_1_200' title='bbox 736 4206 830 4276; x_wconf 90' lang='lat' dir='ltr'>quos</span> <span class='ocrx_word' id='word_1_201' title='bbox 850 4198 974 4277; x_wconf 89' lang='lat' dir='ltr'>aptam</span> <span class='ocrx_word' id='word_1_202' title='bbox 995 4183 1121 4255; x_wconf 89' lang='lat' dir='ltr'>sedem</span> <span class='ocrx_word' id='word_1_203' title='bbox 1147 4183 1182 4254; x_wconf 94' lang='lat' dir='ltr'>in</span> <span class='ocrx_word' id='word_1_204' title='bbox 1203 4182 1423 4278; x_wconf 80' lang='lat' dir='ltr'>Appendice</span> <span class='ocrx_word' id='word_1_205' title='bbox 1443 4183 1551 4254; x_wconf 88' lang='lat' dir='ltr'>huius</span> <span class='ocrx_word' id='word_1_206' title='bbox 1570 4183 1742 4255; x_wconf 85' lang='lat' dir='ltr'>editionis</span> <span class='ocrx_word' id='word_1_207' title='bbox 1761 4181 1823 4256; x_wconf 89' lang='lat' dir='ltr'>ha·</span> 
     </span>
     <span class='ocr_line' id='line_1_28' title="bbox 539 4306 1820 4406; baseline 0.002 -28"><span class='ocrx_word' id='word_1_208' title='bbox 539 4308 627 4378; x_wconf 89' lang='lat' dir='ltr'>bere</span> <span class='ocrx_word' id='word_1_209' title='bbox 648 4306 835 4402; x_wconf 89' lang='lat' dir='ltr'>putabam.</span> <span class='ocrx_word' id='word_1_210' title='bbox 860 4308 918 4380; x_wconf 80' lang='lat' dir='ltr'>llo</span> <span class='ocrx_word' id='word_1_211' title='bbox 938 4307 1018 4380; x_wconf 89' lang='lat' dir='ltr'>aliis</span> <span class='ocrx_word' id='word_1_212' title='bbox 1035 4334 1121 4381; x_wconf 88' lang='lat' dir='ltr'>vero</span> <span class='ocrx_word' id='word_1_213' title='bbox 1141 4308 1341 4392; x_wconf 86' lang='lat' dir='ltr'>codicibus,</span> <span class='ocrx_word' id='word_1_214' title='bbox 1364 4309 1425 4404; x_wconf 86' lang='lat' dir='ltr'>qui</span> <span class='ocrx_word' id='word_1_215' title='bbox 1448 4309 1482 4380; x_wconf 93' lang='lat' dir='ltr'>in</span> <span class='ocrx_word' id='word_1_216' title='bbox 1505 4309 1601 4381; x_wconf 88' lang='lat' dir='ltr'>notis</span> <span class='ocrx_word' id='word_1_217' title='bbox 1621 4308 1820 4406; x_wconf 87' lang='lat' dir='ltr'>aliquando</span> 
     </span>
     <span class='ocr_line' id='line_1_29' title="bbox 541 4431 1820 4531; baseline 0.001 -27"><span class='ocrx_word' id='word_1_218' title='bbox 541 4433 755 4516; x_wconf 88' lang='lat' dir='ltr'>indicantur,</span> <span class='ocrx_word' id='word_1_219' title='bbox 786 4431 857 4504; x_wconf 90' lang='lat' dir='ltr'>alio</span> <span class='ocrx_word' id='word_1_220' title='bbox 879 4449 1044 4529; x_wconf 89' lang='lat' dir='ltr'>tempore</span> <span class='ocrx_word' id='word_1_221' title='bbox 1064 4435 1162 4507; x_wconf 90' lang='lat' dir='ltr'>dabo</span> <span class='ocrx_word' id='word_1_222' title='bbox 1182 4433 1398 4531; x_wconf 85' lang='lat' dir='ltr'>diligentem</span> <span class='ocrx_word' id='word_1_223' title='bbox 1418 4435 1714 4531; x_wconf 86' lang='lat' dir='ltr'>descriptionem,</span> <span class='ocrx_word' id='word_1_224' title='bbox 1737 4459 1820 4507; x_wconf 86' lang='lat' dir='ltr'>cum</span> 
     </span>
     <span class='ocr_line' id='line_1_30' title="bbox 540 4557 1819 4656; baseline -0.001 -25"><span class='ocrx_word' id='word_1_225' title='bbox 540 4559 704 4631; x_wconf 87' lang='lat' dir='ltr'>omnium</span> <span class='ocrx_word' id='word_1_226' title='bbox 723 4557 890 4630; x_wconf 89' lang='lat' dir='ltr'>codicum</span> <span class='ocrx_word' id='word_1_227' title='bbox 909 4560 1178 4633; x_wconf 79' lang='lat' dir='ltr'>Anrbrosianae</span> <span class='ocrx_word' id='word_1_228' title='bbox 1197 4559 1367 4656; x_wconf 85' lang='lat' dir='ltr'>liturgiae</span> <span class='ocrx_word' id='word_1_229' title='bbox 1387 4561 1546 4633; x_wconf 84' lang='lat' dir='ltr'>criticam</span> <span class='ocrx_word' id='word_1_230' title='bbox 1568 4559 1819 4632; x_wconf 91' lang='lat' dir='ltr'>recensionem</span> 
     </span>
     <span class='ocr_line' id='line_1_31' title="bbox 539 4683 1819 4781; baseline 0.002 -26"><span class='ocrx_word' id='word_1_231' title='bbox 539 4683 701 4765; x_wconf 85' lang='lat' dir='ltr'>edidero,</span> <span class='ocrx_word' id='word_1_232' title='bbox 734 4685 763 4756; x_wconf 86' lang='lat' dir='ltr'>si</span> <span class='ocrx_word' id='word_1_233' title='bbox 794 4700 915 4756; x_wconf 90' lang='lat' dir='ltr'>tamen</span> <span class='ocrx_word' id='word_1_234' title='bbox 948 4711 1052 4758; x_wconf 90' lang='lat' dir='ltr'>meae</span> <span class='ocrx_word' id='word_1_235' title='bbox 1081 4687 1175 4759; x_wconf 86' lang='lat' dir='ltr'>vires</span> <span class='ocrx_word' id='word_1_236' title='bbox 1205 4687 1336 4769; x_wconf 88' lang='lat' dir='ltr'>sinent,</span> <span class='ocrx_word' id='word_1_237' title='bbox 1363 4705 1401 4760; x_wconf 92' lang='lat' dir='ltr'>et</span> <span class='ocrx_word' id='word_1_238' title='bbox 1420 4684 1600 4759; x_wconf 84' lang='lat' dir='ltr'>benevola</span> <span class='ocrx_word' id='word_1_239' title='bbox 1621 4686 1819 4781; x_wconf 86' lang='lat' dir='ltr'>peritorum</span> 
     </span>
     <span class='ocr_line' id='line_1_32' title="bbox 541 4809 1821 4908; baseline 0.003 -30"><span class='ocrx_word' id='word_1_240' title='bbox 541 4809 679 4880; x_wconf 87' lang='lat' dir='ltr'>monita</span> <span class='ocrx_word' id='word_1_241' title='bbox 699 4809 785 4880; x_wconf 83' lang='lat' dir='ltr'>milri</span> <span class='ocrx_word' id='word_1_242' title='bbox 808 4835 879 4882; x_wconf 92' lang='lat' dir='ltr'>non</span> <span class='ocrx_word' id='word_1_243' title='bbox 910 4810 1104 4894; x_wconf 73' lang='lat' dir='ltr'>defuerint,</span> <span class='ocrx_word' id='word_1_244' title='bbox 1136 4812 1271 4908; x_wconf 89' lang='lat' dir='ltr'>quibus</span> <span class='ocrx_word' id='word_1_245' title='bbox 1300 4812 1516 4907; x_wconf 90' lang='lat' dir='ltr'>ampliorem</span> <span class='ocrx_word' id='word_1_246' title='bbox 1537 4827 1703 4908; x_wconf 85' lang='lat' dir='ltr'>segetem</span> <span class='ocrx_word' id='word_1_247' title='bbox 1725 4837 1821 4883; x_wconf 92' lang='lat' dir='ltr'>com-</span> 
     </span>
     <span class='ocr_line' id='line_1_33' title="bbox 540 4933 1823 5038; baseline 0.001 -33"><span class='ocrx_word' id='word_1_248' title='bbox 540 4957 670 5028; x_wconf 90' lang='lat' dir='ltr'>parare</span> <span class='ocrx_word' id='word_1_249' title='bbox 699 4933 840 5008; x_wconf 90' lang='lat' dir='ltr'>valeam</span> <span class='ocrx_word' id='word_1_250' title='bbox 869 4937 914 5009; x_wconf 89' lang='lat' dir='ltr'>ad</span> <span class='ocrx_word' id='word_1_251' title='bbox 945 4962 1141 5010; x_wconf 86' lang='lat' dir='ltr'>commune</span> <span class='ocrx_word' id='word_1_252' title='bbox 1164 4937 1400 5010; x_wconf 93' lang='lat' dir='ltr'>commodum</span> <span class='ocrx_word' id='word_1_253' title='bbox 1429 4955 1467 5010; x_wconf 89' lang='lat' dir='ltr'>et</span> <span class='ocrx_word' id='word_1_254' title='bbox 1495 4937 1760 5038; x_wconf 66' lang='lat' dir='ltr'>incrementum</span> <span class='ocrx_word' id='word_1_255' title='bbox 1784 4934 1823 5007; x_wconf 92' lang='lat' dir='ltr'>li·</span> 
     </span>
     <span class='ocr_line' id='line_1_34' title="bbox 538 5058 919 5154; baseline 0.01 -24"><span class='ocrx_word' id='word_1_256' title='bbox 538 5058 704 5154; x_wconf 80' lang='lat' dir='ltr'>turgicae</span> <span class='ocrx_word' id='word_1_257' title='bbox 733 5061 919 5134; x_wconf 90' lang='lat' dir='ltr'>scientiae.</span> 
     </span>
    </p>
   </div>
   <div class='ocr_carea' id='block_1_9' title="bbox 0 0 2053 6128">
    <p class='ocr_par' dir='ltr' id='par_1_9' title="bbox 0 0 2053 6128">
     <span class='ocr_line' id='line_1_35' title="bbox 0 0 2053 6128; baseline 0 0"><span class='ocrx_word' id='word_1_258' title='bbox 0 0 2053 6128; x_wconf 95' lang='lat' dir='ltr'> </span> 
     </span>
    </p>
   </div>
  </div>
 </body>
</html>
