4078 6126
372 536 549 588 ORDINES
571 537 646 590 PRO
667 535 967 588 BENEDICTIONE
988 533 1037 586 ET
1057 529 1360 588 CORONATIONE,
1382 526 1467 580 ETC.
1503 539 1549 578 111

693 1222 1143 1368 ORDINES

864 1464 967 1537 PRO

279 1632 845 1741 BENEDICTIONE
867 1632 964 1736 ET
983 1628 1558 1737 CORONATIONE

525 1835 680 1910 uanis
711 1835 779 1908 ar
808 1835 1048 1908 nucinas
1078 1834 1305 1909 narras.

685 2105 1196 2182 PRAENOTANDUM.'

326 2303 389 2363 Iam
404 2323 512 2375 unum,
525 2304 726 2382 eundemque
739 2301 997 2376 vetustissimum,
1008 2302 1163 2364 Ordinem
1177 2325 1215 2365 ex
1229 2303 1403 2366 Pontificali
1417 2324 1496 2364 saec.
1512 2303 1558 2364 IX

281 2401 440 2463 Ecclesiae
467 2412 593 2462 nostrae
620 2401 767 2480 superius
795 2403 839 2481 (p.
867 2405 906 2463 62
932 2411 962 2462 et
986 2409 1089 2482 seqq.)
1112 2401 1218 2476 edidi;
1247 2403 1360 2476 modo,
1384 2423 1466 2482 quos
1489 2420 1559 2481 pro·

280 2499 435 2570 miseram,
460 2499 594 2561 subiicio
616 2499 696 2562 alios
713 2499 861 2572 Ordines,
887 2499 952 2580 qui,
977 2519 1015 2561 eo
1039 2500 1109 2579 ipso
1136 2501 1223 2582 quod
1247 2501 1288 2564 ad
1312 2521 1423 2582 regum
1450 2499 1559 2562 Italiae

279 2597 514 2660 coronationem
543 2597 729 2678 pertineant,
757 2597 906 2660 censendi
930 2610 1005 2659 sunt
1033 2609 1068 2659 ut
1096 2600 1215 2679 proprii
1241 2599 1400 2662 Ecclesiae
1423 2598 1558 2660 Ambro-

279 2697 395 2758 sianae.
414 2695 509 2758 Plane
525 2717 619 2758 nemo
635 2696 761 2777 ignorat
778 2697 1003 2776 Imperatorem
1020 2698 1220 2760 consuevisse
1236 2698 1392 2778 triplicem
1409 2717 1558 2760 coronam

279 2795 413 2857 solemni
436 2815 552 2875 pompa
576 2816 709 2867 sumere,
735 2815 848 2875 nempe
865 2795 998 2874 primam
1024 2795 1220 2877 Aquisgrani
1244 2797 1284 2858 ab
1309 2795 1559 2876 Archiepiscopo

280 2892 463 2964 coloniensi,
488 2893 659 2955 secundam
685 2892 858 2956 Mediolani
886 2893 936 2955 vel
962 2893 1143 2956 Modoetiae
1165 2895 1206 2956 ab
1230 2894 1479 2974 Archiepiscopo
1507 2915 1560 2956 no-

279 3003 355 3064 stro,
380 2992 506 3054 tandem
523 3013 650 3053 auream
676 2995 797 3055 Romae
812 3013 831 3054 a
847 2991 981 3053 Summo
999 2991 1067 3072 ipso
1086 2994 1253 3066 Pontefice,
1272 2994 1316 3055 uti
1334 2994 1427 3055 refert
1448 2995 1560 3056 Glossa

282 3091 313 3151 in
344 3091 442 3156 Clem.
466 3093 558 3151 turico
575 3091 594 3152 l.
614 3091 637 3162 I,
657 3103 677 3152 t.
693 3091 754 3163 lX;
771 3091 915 3172 hancque
940 3089 1187 3154 Mediolanensis
1211 3091 1372 3154 Antistitis
1395 3113 1560 3172 praeroga·

281 3188 377 3250 tivam
396 3188 455 3267 ipsi
473 3189 609 3250 Romani
627 3189 795 3250 Pontifices
807 3210 869 3250 non
882 3188 979 3250 semel
995 3203 1219 3262 memorarunt,
1235 3190 1280 3252 uti
1298 3189 1501 3253 Innocentius
1512 3191 1558 3250 VI

279 3285 462 3366 apostolicis
478 3286 576 3348 literis
593 3287 753 3349 Avinione
775 3307 827 3352 an.
856 3307 938 3365 1354
955 3287 1038 3350 datis
1062 3287 1168 3350 lavore
1192 3287 1296 3350 Caroli
1323 3287 1421 3370 Regis
1446 3289 1560 3350 Roma-

281 3405 403 3456 norum,
428 3396 459 3446 et
484 3385 635 3447 Nicolaus
659 3387 698 3456 V,
724 3385 756 3446 in
779 3385 870 3447 Brevi
895 3386 990 3446 XVII
1015 3385 1077 3448 kal.
1103 3387 1212 3466 aprilis
1234 3408 1285 3448 an.
1315 3407 1396 3465 145²
1421 3408 1479 3467 pro
1501 3408 1562 3449 co-

280 3483 444 3545 ronatione
465 3483 667 3562 Imperatoris
691 3483 846 3546 Fredrici:
871 3485 960 3546 Haec
983 3485 1174 3546 documenta
1198 3484 1260 3566 legi
1285 3495 1417 3564 possunt
1433 3485 1464 3546 in
1478 3485 1561 3547 notis

280 3584 321 3644 R.
346 3583 506 3654 Bombellr]
524 3583 631 3644 Storia
646 3583 727 3644 della
750 3604 863 3644 corona
870 3583 984 3662 ferrea
1005 3584 1057 3645 dei
1071 3585 1120 3644 Re
1134 3584 1274 3655 d’ltalia,
1298 3583 1437 3655 Firenze‚
1461 3592 1559 3663 187o;

280 3681 370 3742 cuius
386 3701 476 3760 opus,
501 3680 573 3742 licet
590 3701 652 3742 non
677 3681 784 3742 omnia
800 3691 832 3742 et
848 3680 975 3761 singula
998 3681 1113 3760 placita
1136 3680 1283 3761 amplecti
1308 3682 1436 3762 possim,
1455 3693 1559 3743 tamen
1604 3667 1608 3674 ’

281 3800 355 3860 prae
378 3779 490 3840 ceteris
513 3779 678 3858 hucusque
700 3779 823 3841 adrem
847 3778 943 3841 editis
966 3799 1214 3842 commemorare
1237 3781 1334 3854 volui,
1361 3793 1471 3860 utpote
1494 3802 1562 3843 sen-

280 3877 394 3940 tentias
417 3877 570 3959 colligens
591 3877 832 3957 praeteritorum
849 3877 1050 3957 scriptorum,
1066 3899 1203 3958 quorum
1221 3879 1351 3941 nomina
1366 3880 1429 3942 huc
1446 3879 1561 3942 reserre

281 3997 344 4038 non
369 3975 469 4038 iuvat:
493 3987 524 4037 et
546 3976 694 4055 quamvis
721 3987 840 4038 taceam
866 3977 905 4038 de
930 3976 1060 4056 reliquis
1084 3977 1277 4051 auctoribus,
1306 3989 1410 4040 tamen
1435 3977 1561 4040 silentio

281 4073 380 4154 premi
406 4095 468 4136 non
492 4074 587 4137 debet
603 4084 709 4136 noster
725 4076 933 4149 Muralorius,
951 4077 1003 4136 De
1024 4076 1147 4136 Corona
1163 4077 1290 4149 Ferrea,
1308 4077 1453 4138 Anecdot.
1478 4090 1499 4138 t.
1519 4077 1559 4148 ll,

280 4195 311 4252 p.
326 4181 388 4251 328
403 4183 434 4234 et
445 4194 543 4253 seqq.‚
561 4173 617 4253 qui
634 4172 731 4234 alium
749 4173 902 4234 Ordinem
922 4172 1192 4235 Mediolanensem
1206 4195 1263 4254 pro
1279 4175 1482 4237 coronatione
1498 4174 1562 4237 edi-

279 4271 338 4344 dit,
358 4292 502 4334 recusum
519 4293 538 4334 a
561 4273 716 4342 Martenc,
733 4274 785 4333 De
801 4274 911 4350 Antip.
929 4273 1012 4334 Eccl.
1036 4273 1103 4333 Ru.
1121 4283 1143 4333 t.
1162 4272 1202 4343 ΙΙ,
1219 4272 1279 4335 col.
1306 4279 1369 4351 584
1386 4285 1417 4335 et
1432 4293 1508 4352 seq„
1525 4294 1562 4334 ac

280 4369 450 4433 novissime
466 4390 484 4431 a
508 4371 611 4442 Perta,
631 4369 663 4430 in
681 4371 825 4432 Menum.
856 4372 974 4446 Germ„
992 4371 1095 4450 Legg.
1120 4382 1196 4432 tom.
1215 4371 1256 4444 ΙΙ,
1276 4392 1349 4452 pag.
1368 4391 1430 4450 503
1448 4383 1479 4432 et
1495 4392 1559 4452 seq.

280 4468 429 4530 ecodice
452 4468 541 4548 regio
567 4467 734 4530 Parisiensi
758 4489 844 4529 num.
871 4486 944 4548 977.
970 4489 1050 4530 saec.
1076 4468 1164 4540 XIV,
1189 4470 1276 4549 apud
1298 4490 1381 4549 quos
1404 4469 1494 4531 facile
1519 4491 1563 4531 re·

281 4566 375 4646 periri
400 4566 529 4646 poterit:
546 4587 644 4646 quare
663 4587 777 4628 novam
802 4565 943 4628 eiusdem
961 4566 1093 4628 Ordinis
1116 4567 1287 4629 editionem
1305 4567 1448 4628 inutilem
1473 4579 1560 4646 puto,

280 4685 363 4745 quae
392 4664 507 4727 molem
536 4663 632 4726 huius
655 4663 827 4726 voluminis
851 4664 882 4724 in
904 4685 1020 4725 vanum
1045 4675 1190 4745 augeret:
1222 4686 1280 4726 nec
1306 4665 1415 4727 eadem
1441 4665 1562 4728 ratione

281 4763 333 4824 alii
352 4763 498 4834 Ordines,
524 4774 591 4824 tum
616 4783 654 4824 ex
679 4762 822 4824 sabulosa
852 4763 1006 4824 Chronica
1036 4765 1193 4825 Comitum
1217 4766 1402 4842 Anglcn'ae,
1426 4786 1499 4826 cum
1523 4787 1561 4826 ex

282 4862 437 4942 Landrdfi
464 4882 518 4923 sen
541 4864 687 4924 Hrkton'a
711 4862 730 4924 l.
758 4861 802 4932 ΙΙ,
827 4883 854 4926 c.
877 4861 971 4933 XVI,
996 4882 1078 4942 quos
1108 4861 1186 4923 alias
1214 4861 1383 4924 ediderunt
1410 4864 1562 4925 Puricel-

282 4963 353 5033 lim,
378 4961 522 5025 Mormm.
546 4962 642 5021 Basit
661 4961 816 5033 Ambros,
841 4981 872 5021 n.
902 4980 973 5031 102,
998 4970 1029 5021 et
1053 4961 1261 5034 illuratorius,
1279 4981 1307 5022 o.
1325 4982 1352 5022 c.
1377 4981 1446 5041 cap.
1470 4961 1559 5034 XVI,

282 5059 405 5132 referre,
419 5069 528 5138 utpote
541 5058 672 5120 minoris
684 5057 845 5130 momenti,
860 5057 979 5137 putavi.
995 5059 1031 5120 In
1043 5057 1266 5120 collationibus
1278 5059 1417 5121 Ordines
1428 5080 1561 5122 coaevos

281 5156 487 5236 compulsavi,
505 5168 540 5217 ut
555 5156 670 5218 clarius
685 5156 883 5219 ostenderem
899 5176 981 5237 quos
998 5156 1076 5219 ritus
1094 5156 1234 5220 Ecclesia
1249 5168 1356 5220 nostra
1376 5178 1560 5222 communes

283 5255 412 5318 haberet
434 5276 506 5318 cum
530 5255 601 5318 aliis
624 5255 782 5327 EcclesiiS,
807 5255 990 5335 praesertim
1013 5276 1085 5318 cum
1111 5257 1264 5320 Romana.
