4078 6126
406 528 433 581 ΙΙ
454 530 576 592 ORDO,
599 530 650 583 EX
670 531 761 584 COD.
785 531 908 584 BASlL.
930 529 1101 582 AMBROS.
1124 529 1234 582 SAEC.
1256 529 1321 583 XV.
1455 544 1503 594 133

227 777 276 850 ita
294 777 375 850 eius
399 777 569 850 invisibili
582 776 781 874 'ungimine
800 774 883 880 (sic)
903 776 1068 851 delibuta
1091 778 1313 875 impinguari
1334 777 1508 851 merearis

228 903 395 988 irrterius;
416 903 572 999 eiusque
601 902 778 999 spirituali
802 903 975 976 unctione
995 903 1261 999 perfectissime
1280 928 1429 999 semper
1448 903 1510 975 im·

227 1029 330 1115 buta,
361 1045 400 1102 et
427 1028 549 1102 illicita
577 1028 762 1103 declinare
790 1045 868 1104 tota
897 1047 1021 1103 mente
1050 1047 1088 1104 et
1116 1055 1291 1126 spernere
1324 1029 1445 1102 discas
1473 1043 1511 1101 et

228 1153 361 1240 valeas,
392 1170 431 1227 et
459 1154 561 1228 utilia
588 1155 734 1228 animae
763 1171 849 1228 tuae
877 1156 1052 1252 cogitare,
1076 1155 1211 1252 iugiter
1232 1170 1362 1250 optare
1397 1171 1510 1251 atque

228 1279 371 1376 operari
400 1305 527 1376 queas
558 1297 596 1353 et
623 1281 797 1376 opereris
834 1279 1033 1354 auxiliante
1068 1280 1233 1353 Domino
1266 1295 1393 1352 nostro
1422 1279 1508 1375 Jesu
1555 1302 1571 1352 5

229 1406 388 1479 Christo.
419 1406 494 1499 Qui
523 1432 605 1479 cum
637 1408 744 1480 Patre
772 1424 810 1480 et
842 1407 980 1504 Spiritu
1010 1423 1138 1480 sancto
1165 1406 1254 1480 vivit
1281 1420 1319 1479 et
1346 1421 1489 1504 regnat.

337 1553 370 1624 5.
402 1531 479 1604 Hic
509 1533 618 1605 detur
644 1534 681 1605 ei
703 1534 859 1608 anulus:

335 1657 474 1754 Accipe
492 1656 670 1731 annulum
690 1658 775 1731 fidei
795 1659 1027 1756 signaculum
1047 1675 1197 1732 sanctae
1214 1649 1416 1744 'Trinitatis
1434 1683 1509 1756 quo

229 1785 351 1880 possis
378 1808 509 1856 omnes
528 1784 727 1880 pravitates
750 1784 954 1859 haereticas
974 1785 1148 1871 devitare,
1170 1801 1209 1858 et
1225 1784 1402 1857 barbaras
1421 1808 1511 1880 gen-

229 1927 284 1983 tes
302 1911 436 1984 virtute
466 1911 530 1983 tibi
559 1912 735 2007 praestita
763 1911 810 1984 ad
839 1912 1003 1985 veritatis
1031 1908 1114 2015 (sic)
1143 1937 1286 1984 vocare.
1319 1910 1389 1983 Per
1409 1910 1511 1983 Chri·
1541 1939 1573 1974 10

229 2052 326 2109 stum
357 2036 572 2110 Dominum.

337 2169 370 2235 6.
390 2162 568 2235 Omnium
585 2162 667 2237 sons
686 2164 880 2251 bonorum,
900 2167 1074 2252 Domine,
1092 2182 1131 2239 et
1144 2181 1360 2239 cunctomm
1382 2162 1512 2238 doctor

230 2305 469 2384 provectuum
498 2290 618 2363 tribue
648 2290 807 2366 famulae
827 2309 913 2366 tuae
932 2292 1108 2390 adeptam
1127 2293 1225 2366 bene
1244 2317 1375 2390 regere
1393 2291 1512 2390 digni-

230 2431 354 2501 tatem,
377 2431 455 2489 eta
475 2431 512 2489 te
541 2417 610 2489 sibi
632 2419 846 2513 praestitam
867 2419 903 2493 in
923 2420 1097 2493 omnibus
1119 2418 1296 2516 operibus
1314 2418 1512 2491 corrobora

229 2540 396 2637 gloriam.
428 2544 498 2616 Per
527 2544 731 2616 Dominum
761 2561 939 2618 nostrum.
1542 2563 1572 2612 Ι5

339 2687 373 2758 7.
404 2669 481 2742 Hic
498 2679 688 2742 coronetur
715 2671 880 2744 dicendo:
907 2672 1047 2768 Accipe
1069 2696 1245 2745 coronam
1273 2670 1426 2769 gloriae,
1449 2669 1513 2742 ho-

232 2818 359 2866 norem
388 2794 632 2880 iocunditatis‚
663 2811 704 2869 ut
731 2795 927 2892 splendida
955 2796 1110 2895 fulgeas
1138 2813 1176 2870 et
1193 2812 1345 2900 aeterna
1373 2793 1511 2870 exulta-

230 2917 330 2991 tione
358 2921 557 2993 coroneris
590 2921 660 2994 Per
688 2919 877 2994 Christum
906 2921 1098 2995 dominum
1129 2938 1307 2996 nostrum.

340 3049 375 3117 8.
397 3045 591 3141 Sequitur:
621 3045 756 3118 Officio
776 3062 923 3120 nostrae
944 3047 1174 3144 indignitatis
1204 3048 1239 3120 in
1269 3048 1436 3146 reginam
1456 3072 1515 3119 so·

230 3169 400 3244 lemniter
435 3171 668 3245 benedictam
705 3173 830 3269 accipe
866 3198 1041 3247 coronam
1079 3173 1216 3271 regalis
1251 3173 1509 3258 excellentiae,
1542 3199 1576 3235 20

230 3322 338 3394 quae,
368 3295 452 3370 licet
473 3297 520 3370 ab
550 3297 723 3396 indignis,
754 3297 1027 3395 episcopalibus
1056 3317 1179 3372 tamen
1203 3301 1375 3374 manibus
1402 3300 1511 3396 capiti

231 3439 296 3495 tuo
325 3423 543 3519 imponitur:
574 3424 674 3496 unde
693 3424 787 3497 sicut
809 3426 971 3498 exterius
991 3451 1082 3498 auro
1101 3441 1139 3498 et
1157 3426 1317 3523 gemmis
1344 3425 1513 3498 redimita

231 3548 359 3632 enites,
392 3548 442 3621 ita
469 3549 621 3622 interius
640 3573 730 3622 auro
759 3551 964 3646 sapientiae
983 3551 1235 3648 virtutumque
1263 3551 1423 3648 gemmis
1452 3549 1513 3622 de-

232 3674 346 3746 corari
365 3674 580 3759 contendas,
602 3691 788 3772 quatenus
816 3692 902 3773 post
926 3701 1098 3749 occasum
1127 3675 1236 3749 huius
1265 3674 1402 3748 saeculi
1429 3699 1513 3748 cum

233 3799 476 3896 prudentibus
504 3801 708 3898 virginibus
728 3828 868 3898 sponso
896 3802 1050 3899 perenni
1081 3802 1246 3875 Domino
1275 3817 1402 3875 nostro
1426 3802 1513 3897 Jesu
1544 3831 1576 3879 25

235 3925 383 3999 Christo
402 3927 517 4024 digne
545 3944 583 4001 et
600 3925 833 4001 laudabiliter
851 3953 1047 4002 occurrens
1071 3928 1200 4025 regina
1218 3927 1389 4001 caelestis
1409 3925 1515 4000 aulae

234 4053 407 4126 merearis
436 4054 579 4151 ingredi
609 4053 771 4140 ianuam,
803 4055 1002 4129 auxiliante
1030 4053 1163 4127 eodem
1194 4055 1360 4127 Domino
1389 4069 1517 4126 nostro

229 4179 316 4275 Jesu
346 4178 506 4267 Christ0,
536 4181 599 4278 qui
628 4207 711 4254 cum
742 4183 827 4254 Deo
857 4183 964 4255 Patre
982 4197 1021 4253 et
1049 4179 1187 4276 Spiritu
1217 4195 1345 4253 sancto
1373 4179 1461 4251 vivit
1480 4194 1518 4251 et

234 4321 366 4402 regnat
394 4331 460 4402 per
488 4305 629 4380 infinita
657 4306 804 4380 saecula
832 4307 1075 4381 saeculorum.

380 4609 421 4648 12.
442 4603 645 4661 provectuum:
666 4610 743 4647 corr.
763 4610 803 4646 ex
822 4601 1000 4660 prouectum.

281 4857 309 4915 5.
336 4839 420 4899 Men.
448 4841 520 4914 263,
547 4837 640 4898 Mart.
666 4837 745 4898 Ord.
771 4837 811 4898 V.

281 4943 310 5001 6.
337 4938 420 4998 Men.
449 4941 520 5013 264,
548 4937 639 4996 Mart.
666 4935 744 4997 Ord.
771 4935 827 5004 ΙΙΙ,
854 4935 891 4995 V.

281 5054 310 5113 7.
337 5037 421 5096 Men.
449 5040 522 5112 264,
548 5035 641 5094 Mart.
665 5033 744 5094 Ord.
770 5035 808 5094 V.

282 5143 310 5196 8.
336 5133 414 5195 Ord.
440 5133 533 5193 Rom.
563 5152 633 5209 15²·
