4078 6126
504 545 657 597 ORATIO
677 544 817 609 AQUAE
838 544 1117 597 EXORCIZATAE
1138 545 1178 596 IN
1200 545 1315 596 DOMO
1517 562 1549 611 73
1577 565 1583 572 ·

275 661 317 670 ⁸-
1430 667 1551 673 ——-——

272 789 375 861 sione
408 787 518 860 huius
554 812 674 885 aquae
702 787 872 885 effugiat:
902 804 944 862 ut
961 787 1156 862 salubritas
1184 814 1251 885 per
1279 789 1549 864 invocationem

272 914 322 986 tui
352 913 512 987 nominis
539 914 719 1010 expetita,
756 915 804 989 ab
832 915 1005 990 omnibus
1033 915 1081 989 sit
1114 916 1457 1014 impugnationibus
1484 918 1552 992 de·

277 1039 390 1125 sensa,
421 1064 488 1135 per
517 1039 732 1113 Dominum.

379 1190 415 1257 4.
445 1164 670 1238 Benedictio:
700 1165 950 1263 Omnipotens
973 1167 1197 1264 sempiterne
1227 1169 1343 1256 Deus,
1377 1170 1496 1242 insere
1516 1186 1552 1242 te

271 1293 399 1368 officiis
428 1291 573 1376 nostris
595 1307 633 1364 et
652 1292 688 1364 in
708 1290 776 1365 hac
807 1293 1044 1367 manentibus
1063 1294 1177 1368 domo
1205 1297 1437 1391 praesentiae
1466 1311 1552 1369 tuae
1599 1327 1614 1376 5

272 1417 434 1492 concede
461 1415 686 1490 custodiam:
717 1433 758 1490 ut
787 1417 946 1492 familiae
976 1435 1062 1493 tuae
1081 1419 1265 1507 defensor,
1289 1447 1331 1494 ac
1351 1421 1464 1495 totius
1492 1419 1553 1493 ha-

271 1542 417 1617 bitaculi
446 1541 555 1616 huius
584 1541 767 1616 habitator
794 1569 986 1640 appareas,
1018 1571 1095 1642 per.

380 1689 413 1761 5.
444 1669 538 1741 Alia
565 1668 704 1741 orato:
732 1668 888 1754 Adesto
921 1670 1100 1756 Domine,
1130 1670 1462 1768 supplicationibus
1491 1696 1555 1744 no-

273 1796 366 1880 stris
387 1810 426 1877 et
447 1792 605 1868 samulos
626 1810 720 1879 tuoS,
743 1819 838 1890 quos
858 1795 1018 1870 caritatis
1037 1797 1227 1870 visitamus
1247 1798 1386 1884 officiis,
1411 1796 1553 1894 gratiae

272 1936 359 1993 tuae
387 1917 557 2016 largitate
585 1916 784 2014 locupleta:
817 1936 856 1993 ut
885 1921 920 1994 in
949 1947 1077 1996 eorum
1107 1923 1349 2021 prosperitate
1378 1921 1554 1995 continua
1584 1948 1615 1984 10

271 2045 513 2143 gaudeamus,
545 2070 611 2141 per
641 2045 856 2119 Dominum.

497 2295 702 2368 ORATIO
732 2296 807 2368 AD
838 2296 1048 2372 FRUGES
1080 2297 1326 2394 NOVOS.*)

387 2573 417 2620 1.
440 2546 602 2619 Domine
622 2563 759 2633 sancte,
784 2548 891 2621 Pater
910 2550 1156 2644 omnipotens
1178 2566 1328 2624 aeterne
1350 2547 1466 2632 DeuS,
1488 2545 1551 2641 qui

277 2673 418 2749 caelum
445 2687 484 2744 et
502 2687 647 2758 terram,
669 2698 769 2746 mare
788 2689 826 2746 et
845 2675 969 2748 omnia
988 2667 1134 2760 creasti,
1165 2689 1201 2748 te
1224 2671 1420 2770 supplices,
1442 2695 1554 2767 quae·

277 2826 421 2876 sumus:
451 2813 492 2872 ut
518 2796 615 2870 hunc
650 2799 806 2872 sructum
836 2825 971 2873 novum
1006 2799 1226 2873 benedicere
1254 2815 1292 2872 et
1326 2795 1552 2870 sanctificare
1582 2819 1613 2869 15

274 2929 448 3028 digneris
474 2944 513 3001 et
532 2925 771 3024 multiplicare
791 2925 1024 3000 abundanter
1042 2925 1273 2999 offerentium
1294 2922 1377 3028 (sic)
1399 2927 1483 2999 tibi:
1512 2941 1553 2997 ut

277 3053 419 3152 repleas
446 3079 573 3126 eorum
602 3050 747 3126 cellaria
773 3079 856 3125 curn
886 3051 1098 3126 fortitudine
1127 3051 1299 3125 frumenti
1327 3069 1365 3125 et
1392 3052 1484 3138 vini;
1514 3067 1555 3124 ut

274 3181 453 3254 laetantes
485 3180 521 3252 in
550 3179 621 3265 eis,
653 3179 813 3253 reserant
841 3177 921 3262 tibi,
956 3179 1039 3251 Deo
1067 3177 1323 3274 omnipotenti,
1355 3175 1484 3251 laudes
1514 3194 1553 3251 et

275 3308 424 3404 gratias

476 3431 804 3506 BENEDlCTlO
837 3430 982 3505 UVAE
1011 3430 1131 3503 SIVE
1161 3431 1349 3505 FAVAE.
1584 3454 1617 3489 20

385 3585 417 3633 2.
441 3559 612 3642 Benedic,
640 3557 813 3642 Domine,
839 3557 908 3629 hos
928 3556 1066 3630 fructus
1090 3582 1206 3630 novos
1226 3583 1319 3631 uvae
1339 3559 1416 3632 sive
1436 3555 1551 3637 savae,

277 3709 371 3780 quos
400 3701 449 3767 tu,
474 3684 648 3768 Domine,
669 3709 737 3780 per
758 3663 878 3757 rorem
902 3681 992 3756 caeli
1012 3699 1050 3755 et
1070 3681 1324 3756 inundantiam
1349 3682 1553 3780 pluviarum

277 3825 317 3881 et
343 3826 510 3908 tempora
538 3835 671 3883 serena
698 3825 811 3905 atque
846 3807 1043 3904 tranquilla
1070 3807 1117 3880 ad
1147 3809 1395 3882 maturitatem
1424 3804 1556 3904 perdu·

278 3960 360 4009 cere
386 3935 562 4034 dignatus
590 3961 641 4020 es,
673 3935 720 4008 ad
749 3935 1026 4032 percipiendum
1055 3962 1138 4009 cum
1167 3937 1369 4034 gratiarum
1397 3935 1552 4010 actione.

280 4061 322 4133 ln
351 4062 498 4135 nomine
529 4062 679 4135 Domini
710 4063 822 4135 nostri
847 4062 960 4158 Jhesu
992 4061 1138 4148 Christi,
1171 4088 1237 4159 per
1264 4089 1376 4160 quem
1405 4063 1506 4140 haec.
1586 4100 1617 4149 25

421 4304 466 4342 22.
487 4303 599 4340 rorem:
620 4302 697 4340 corr.
718 4303 757 4340 ex
777 4302 850 4340 rore.
872 4313 905 4324 —-
925 4282 1139 4337 inundantiam:
1160 4300 1237 4337 corr.
1261 4301 1301 4337 ex
1323 4283 1501 4338 inundantia.
1522 4313 1555 4326 ·-

351 4383 393 4434 24.
413 4367 540 4422 actione:
555 4371 657 4436 poste
675 4366 769 4421 adras.
791 4382 830 4420 m.

325 4579 354 4636 4.
379 4557 448 4620 Gel.
475 4565 538 4636 738
563 4555 663 4640 (284),
690 4557 784 4618 Gerb.
813 4556 835 4626 l,
862 4574 935 4634 307.

327 4676 354 4733 5.
378 4656 447 4718 Gel.
475 4662 537 4735 736
562 4653 662 4741 (283).

330 4755 363 4834 *)
387 4756 477 4834 Quae
500 4767 677 4836 sequuntur
699 4753 858 4816 orationes
881 4751 979 4814 veluti
1004 4751 1036 4812 in
1059 4751 1141 4812 duas
1167 4751 1282 4812 classes
1309 4750 1464 4830 distingui
1493 4753 1556 4814 de-

284 4859 369 4920 bent:
393 4853 497 4934 prima
519 4874 578 4933 pro
601 4852 821 4916 benedictione
846 4852 1097 4922 esculentorum3
1121 4849 1219 4912 altera
1243 4870 1301 4929 pro
1332 4850 1556 4913 benedicendis

284 4953 414 5036 singulis
437 4951 525 5016 cellis
547 4952 597 5014 vel
621 4951 775 5014 cubiculis
797 4950 931 5013 alicuius
955 4948 1136 5010 monasterii
1162 4948 1240 5010 sorte
1265 4947 1388 5010 noviter
1410 4949 1516 5015 erecti.

331 5075 356 5116 1.
382 5053 466 5113 Men.
496 5070 568 5128 234,
594 5053 677 5113 Mur.
705 5057 778 5116 228.

330 5173 356 5214 2.
381 5147 450 5212 Gel.
477 5154 540 5228 746
564 5146 665 5234 (294),
692 5151 777 5210 Pam.
803 5154 877 5227 467,
904 5149 988 5209 Men.
1016 5167 1087 5224 234,
1114 5146 1199 5211 Mur.
1219 5154 1290 5218 228,
1309 5147 1404 5208 Gerb.
1432 5147 1455 5220 l,
1481 5155 1555 5225 308.
