4084 6128
895 489 1162 544 PONTIFICALE
1187 488 1298 542 SAEC.
1326 487 1378 542 IX.

607 757 667 829 54.
698 736 825 810 Sermo
850 737 906 810 ad
921 737 1122 835 populum:

607 861 844 937 Dilectissimi
885 863 1030 949 IratreS,
1064 863 1159 937 inter
1184 880 1329 938 caetera
1370 864 1544 938 virtutum
1577 861 1773 949 solemnia,

499 1013 595 1086 quae
614 988 662 1062 ad
681 988 837 1088 gloriam
856 989 1042 1087 pertinent
1061 988 1196 1063 Christi
1218 989 1371 1063 Domini
1391 991 1516 1077 nostri,
1538 989 1607 1064 hoc
1626 1013 1776 1088 quoque

499 1115 576 1188 suis
604 1115 786 1212 praestitit
813 1115 1042 1212 martyribus,
1059 1116 1123 1213 qui
1152 1141 1220 1212 pro
1248 1116 1407 1190 nominis
1427 1117 1507 1191 eius
1529 1117 1773 1204 consessione,

455 1267 470 1318 s
500 1258 618 1316 morte
638 1259 820 1339 suscepta,
862 1241 1035 1316 caelestia
1071 1242 1234 1339 praemia
1268 1259 1498 1329 menterunt;
1536 1259 1578 1317 ut
1612 1242 1776 1318 fidelium

499 1368 594 1442 votis
622 1393 750 1442 eorum
779 1368 974 1464 praeclaris
1002 1367 1165 1466 reliquiis
1192 1367 1402 1454 conlocatis,
1433 1368 1626 1467 integritas
1661 1369 1776 1443 sancti

499 1495 663 1593 corporis
704 1521 789 1570 esse
816 1495 1002 1569 credatur:
1032 1513 1070 1570 et
1098 1494 1183 1568 ideo
1224 1518 1505 1570 commonemus
1542 1494 1777 1570 dilectionem

499 1638 669 1707 vestram,
709 1623 885 1719 quoniam
922 1619 982 1694 illa
1011 1618 1189 1694 leriaillo
1216 1618 1299 1694 Ioco
1327 1620 1503 1718 reliquiae
1535 1639 1622 1696 sunt
1662 1620 1776 1694 sancti

501 1746 596 1821 illius
624 1747 791 1844 martyris
819 1746 896 1820 sive
925 1745 1148 1819 confessoris
1176 1744 1444 1820 conlocandae:
1467 1771 1705 1843 quaesumus,
1735 1762 1776 1819 ut

441 1905 473 1942 ιο
500 1890 660 1948 vestram
688 1873 934 1971 praesentiam
964 1873 1071 1947 nobis
1098 1872 1386 1946 admonentibus
1414 1898 1488 1946 non
1518 1872 1674 1970 negetis.

611 2019 670 2093 55.
702 1999 793 2072 lna'e
820 2001 960 2072 verat'ens
986 2008 1069 2072 ante
1094 1999 1229 2082 altare,
1259 2008 1404 2072 externo
1438 2000 1512 2072 velo
1543 2000 1639 2072 inter
1664 2024 1720 2072 eos
1746 2007 1781 2070 el

493 2123 673 2223 populum
691 2121 739 2223 ⁴⁸),
769 2124 940 2198 recondat
956 2124 1127 2222 pontefex
1154 2149 1266 2197 mann
1293 2150 1361 2197 sna
1389 2127 1489 2222 ipsas
1510 2125 1694 2220 reliquias,
1725 2149 1780 2196 ea·

500 2251 614 2324 nendo
640 2251 883 2350 antyphonam
910 2253 1037 2325 istam:
1065 2251 1294 2326 Exultabunt
1328 2252 1444 2326 sancti
1479 2253 1515 2325 in
1550 2249 1677 2350 gloria,
1708 2249 1779 2325 lae-

501 2379 676 2451 rabuntur
703 2378 739 2450 in
772 2376 952 2451 cubilibus
988 2377 1082 2464 suiS,
1120 2402 1201 2450 curn
1221 2377 1387 2474 psalmo:
1422 2376 1580 2452 Cantate
1614 2377 1778 2450 Domino

440 2527 471 2580 1⁵
499 2503 680 2579 canticum
700 2529 847 2590 novum,
877 2503 957 2577 laus
984 2504 1065 2577 eius
1093 2505 1129 2578 in
1157 2502 1311 2578 ecclesia
1339 2521 1559 2578 sanctorum.
1576 2500 1636 2603 *ἢ

550 2775 602 2834 54.
627 2754 695 2817 Gel.
723 2760 785 2834 ⁶³5
809 2757 911 2834 (161),
936 2754 1032 2816 Gerb.
1069 2776 1121 2832 49,
1148 2756 1241 2820 Mart.
1266 2754 1346 2819 Ord.
1371 2755 1394 2828 I,
1421 2755 1461 2816 II.
1519 2750 1641 2834 *)Hic
1675 2774 1779 2816 sermo

504 2854 544 2915 ad
579 2850 743 2933 populum,
768 2863 804 2914 ut
826 2861 991 2914 contextus
1025 2851 1125 2933 ipsius
1158 2874 1215 2933 per
1238 2873 1272 2916 se
1294 2853 1442 2926 ostendit,
1467 2854 1552 2915 hunc
1573 2851 1677 2914 locum
1701 2851 1780 2914 obti-

505 2972 579 3014 nere
602 2971 665 3014 non
689 2951 834 3024 debebat,
858 2971 957 3031 quare
980 2951 1060 3014 sorte
1083 2951 1115 3012 in
1139 2951 1224 3014 calce
1246 2951 1365 3014 codicis
1388 2951 1486 3014 nostri
1511 2951 1551 3024 A,
1581 2950 1619 3016 s.⁰
1643 2949 1778 3015 CXIIII.

503 3063 535 3113 et
557 3070 656 3131 seqq,
680 3051 746 3112 duo
769 3049 958 3112 exhibentur
981 3050 1146 3112 Sermones
1168 3053 1203 3112 in
1226 3050 1321 3114 dedic.
1345 3052 1455 3124 eccles,
1480 3050 1534 3128 (de
1557 3049 1675 3130 quibus
1699 3048 1780 3111 insra

503 3168 562 3210 suo
585 3147 668 3227 loco)
691 3147 766 3210 huic
788 3147 1010 3210 substituendi.
1035 3182 1079 3196 -
1113 3149 1201 3210 Haec
1228 3148 1363 3210 formula
1386 3168 1462 3210 vero
1494 3168 1557 3209 non
1585 3147 1723 3209 occurrit
1745 3147 1777 3208 in

502 3247 641 3309 Sacram.
677 3245 876 3327 Gregoriano
911 3266 1014 3327 neque
1047 3247 1133 3326 apud
1168 3247 1322 3319 Menard,
1355 3267 1459 3327 neque
1484 3246 1570 3325 apud
1600 3247 1776 3316 Muralom‘,

501 3345 558 3408 sed
581 3345 727 3407 Marone
757 3364 816 3407 nos
847 3345 940 3406 docet
966 3345 1099 3406 eandem
1128 3355 1312 3424 usurpatam
1344 3343 1440 3407 luisse
1463 3345 1495 3406 in
1518 3343 1589 3406 aliis
1619 3343 1776 3415 ecclesiis,

502 3444 533 3505 in
557 3464 692 3524 quarum
716 3443 880 3505 codicibus
895 3455 978 3505 recte
993 3443 1123 3522 ponitur
1138 3453 1211 3505 ante
1239 3444 1391 3506 Ordinem
1406 3444 1606 3504 dedican'om's
1627 3443 1776 3514 caeleate,

502 3553 537 3603 ut
552 3542 660 3604 videre
683 3555 730 3604 est
753 3541 785 3603 in
815 3541 890 3606 Ord.
915 3542 996 3614 I,ex
1021 3540 1141 3603 Missali
1167 3540 1349 3603 Gellonensi
1374 3561 1454 3606 saec.
1479 3540 1536 3606 IX.
1561 3541 1598 3601 In
1622 3540 1694 3606 cod.
1717 3541 1779 3601 Tu·

502 3640 614 3702 ricensi
649 3661 730 3706 saec.
766 3640 823 3713 IX,
846 3640 896 3702 ed.
921 3661 940 3701 a
968 3641 1107 3714 Gerbert,
1133 3640 1173 3711 ΙΙ,
1198 3661 1250 3719 49,
1276 3639 1330 3701 ubi
1354 3639 1444 3702 adest
1477 3639 1588 3701 eadem
1616 3659 1633 3692 a
1651 3639 1779 3701 Denun-

502 3738 605 3810 ciatio,
630 3759 702 3800 cum
727 3738 894 3819 Reliquiae
912 3737 1101 3800 Sanctorum
1127 3739 1305 3817 Martyrum
1340 3737 1507 3817 ponendae
1529 3746 1603 3800 sunt
1616 3765 1646 3808 »,
1671 3737 1777 3799 statim

502 3837 650 3900 subditur
672 3837 753 3899 alius
780 3860 798 3893 «
814 3837 904 3900 Ordo
920 3837 1083 3917 quomodo
1106 3835 1139 3898 in
1163 3835 1280 3898 Sancta
1304 3838 1449 3898 Romana
1465 3835 1596 3900 ecclesia
1612 3835 1779 3917 Reliquiae

502 3936 716 3998 conduntur»
736 3935 821 3997 unde
843 3945 974 4016 apparet
996 3936 1192 3997 marancian'o
1207 3934 1248 3996 ad
1265 3935 1351 3996 hunc
1367 3933 1532 4014 pertinere,
1551 3956 1615 3998 non
1631 3936 1672 3998 ad
1693 3955 1779 4016 prae·

502 4034 666 4096 cedentem
696 4033 841 4096 ordinem
861 4032 1071 4096 dedicationis
1094 4033 1184 4112 (ibid.
1211 4053 1242 4113 p.
1278 4035 1343 4112 47),
1380 4032 1436 4113 qui
1471 4054 1543 4094 cum
1568 4035 1598 4096 A
1621 4033 1778 4104 convenit,

502 4131 628 4194 omissis
650 4142 770 4195 tamen:
787 4152 832 4196 or.
857 4132 972 4212 Anser,
996 4142 1061 4197 ant.
1084 4133 1113 4194 C
1111 4153 1166 4193 nm
1174 4134 1377 4212 jocunditate,
1395 4151 1440 4193 or.
1457 4134 1597 4194 Domum
1614 4141 1710 4203 luant,
1728 4132 1780 4193 de·

504 4229 706 4293 nunciatione
722 4231 870 4311 praelata,
888 4239 951 4292 ant.
971 4230 1121 4311 Corpora,
1139 4241 1170 4292 et
1186 4228 1297 4291 ultima
1313 4250 1359 4295 or.
1372 4232 1565 4294 Descendot:
1576 4252 1659 4312 quae
1672 4229 1780 4292 omnia

503 4329 615 4392 eodem
632 4329 744 4391 ordine
767 4329 892 4410 digesta
908 4328 1108 4409 reperiuntur
1132 4327 1163 4389 in
1187 4348 1254 4409 scq.
1279 4328 1402 4390 Ordine
1421 4329 1487 4408 jam
1512 4327 1607 4392 citato
1634 4349 1692 4410 pro
1721 4330 1781 4390 Re-

503 4427 612 4508 liquiis
635 4427 852 4500 recondendis,
870 4427 925 4507 qui
944 4427 1023 4490 sorte
1041 4426 1253 4489 adhibebatur
1275 4425 1351 4487 olim
1376 4426 1408 4488 in
1428 4427 1688 4490 translationibus
1712 4425 1780 4488 reli-

504 4525 661 4607 quiarum,
678 4537 710 4588 et
726 4525 820 4588 unius
843 4525 950 4588 altaris
973 4524 1182 4596 dedicatione,
1200 4524 1255 4589 csr.
1278 4525 1416 4598 Gerbert,
1443 4524 1482 4597 Il,
1509 4531 1566 4600 61;
1584 4526 1639 4588 sed
1652 4525 1782 4587 videant

504 4624 677 4704 peritiores.

551 4742 602 4801 55.
617 4722 696 4784 Ord.
711 4724 803 4784 Rom.
822 4727 892 4800 146,
908 4723 992 4783 Men.
1016 4741 1085 4800 152,
1100 4723 1183 4783 Mur.
1198 4729 1272 4801 481,
1287 4723 1380 4784 Mart.
1395 4721 1474 4787 Ord.
1493 4723 1533 4796 II,
1552 4723 1609 4786 III.
1646 4719 1679 4803 *)
1693 4723 1780 4783 Haec

505 4821 638 4893 rubrica,
668 4840 750 4900 quae
784 4820 996 4883 venerandam
1032 4819 1114 4899 sapit
1141 4819 1371 4901 antiquitatem,
1407 4820 1606 4884 desideratur
1636 4821 1669 4883 in
1700 4819 1778 4881 Ord.

504 4941 584 4983 saec.
603 4918 649 4980 IX
671 4939 690 4980 e
712 4919 781 4980 cod.
807 4917 971 4982 Turicensi
988 4917 1075 4980 edito
1091 4939 1109 4979 a
1126 4917 1269 4990 Gerbert,
1288 4918 1329 4990 11,
1364 4938 1414 4997 50,
1432 4930 1464 4981 et
1487 4920 1564 4982 haec
1592 4921 1661 5001 ipsa
1676 4926 1780 4980 aucto

505 5027 628 5091 ritatem
656 5024 757 5088 codici
781 5025 880 5088 nostri
904 5024 1003 5087 addit.
1061 5021 1115 5104 **)
1138 5024 1298 5106 Vulgatus
1330 5026 1414 5088 Ordo
1443 5027 1534 5088 Rom.
1558 5029 1651 5107 (146)
1673 5033 1782 5105 utpote

506 5125 668 5196 recentior,
705 5123 797 5204 plura
819 5123 860 5185 ad
884 5123 1048 5186 unctiones
1077 5122 1282 5185 consessionis
1315 5123 1414 5198 addit,
1451 5144 1533 5204 quae
1567 5125 1662 5188 etiam
1698 5142 1781 5184 nunc

506 5225 537 5286 in
563 5224 651 5286 Pont.
678 5225 770 5286 Rom.
795 5222 954 5302 leguntur.
