4084 6128
497 531 514 580 6
872 529 1138 583 PONTIFICALE
1163 530 1273 584 SAEC.
1302 532 1355 585 tx.

496 776 682 862 ecclesiae,
699 777 757 851 vel
776 776 900 852 altaris
913 779 1106 875 concipiat.
1126 781 1167 852 In
1188 779 1337 853 nomine
1358 780 1509 855 Domini
1532 786 1646 858 nostri
1662 785 1774 883 Jhesu

497 903 643 990 Christi,
675 906 737 1002 qui
767 922 955 980 venturus.

607 1055 663 1105 10.
695 1031 787 1104 lnrle
801 1031 947 1127 sanans
973 1055 1112 1103 crucem
1148 1032 1264 1126 digna
1289 1059 1355 1106 sno
1389 1061 1468 1108 cnm
1497 1037 1577 1132 ipsa
1604 1062 1701 1133 aqna
1735 1041 1774 1111 in

493 1157 683 1230 rhxtera...
697 1166 810 1252 parte
825 1156 960 1230 altaris
979 1166 1052 1253 per
1072 1165 1233 1252 quatuor
1251 1184 1398 1232 canica.
1429 1160 1521 1232 lade
1547 1173 1629 1234 ante
1655 1164 1775 1238 altare

449 1307 463 1358 ⁵
492 1308 572 1354 cnm
603 1283 734 1381 laysopa
769 1284 993 1379 adspargens
1025 1283 1145 1354 altare
1177 1285 1216 1355 in
1248 1285 1402 1356 circuilu
1430 1286 1551 1358 tribas
1584 1289 1718 1362 vr'cz'lius
1736 1289 1772 1388 ⁴¹)

492 1408 647 1481 canendo
673 1408 909 1506 antiplwnam
936 1409 1064 1480 isram:
1092 1407 1285 1507 Asperges
1322 1435 1392 1496 me,
1426 1411 1598 1499 Domine,
1629 1413 1773 1512 hysopo

492 1551 532 1607 et
567 1533 783 1620 mundabor,
815 1533 955 1607 lavabis
988 1558 1058 1618 me,
1090 1549 1129 1606 et
1156 1560 1269 1631 super
1298 1536 1419 1608 nivem
1449 1535 1661 1624 dealbabor,
1691 1566 1773 1616 cnm

484 1661 647 1755 psalma:
677 1661 854 1734 Miserere
879 1660 949 1733 mei
980 1659 1098 1733 Deus.

603 1810 659 1859 11.
689 1787 790 1859 Tunc
806 1796 865 1859 eat
880 1787 919 1858 in
937 1787 1092 1858 circuilu
1110 1788 1270 1862 ecclesiae
1281 1799 1354 1886 par
1369 1791 1533 1888 parietes
1550 1791 1767 1887 spargendo,

430 1943 461 1980 ιο
488 1912 532 1986 de
558 1912 694 1986 dextra
729 1922 843 2010 parte
874 1913 1064 2010 incipiens,
1102 1913 1328 2010 usquedum
1362 1917 1503 1989 veniens
1536 1927 1620 1990 ante
1650 1918 1771 1992 altare

487 2048 646 2136 spargat
670 2040 803 2111 z'lernm
825 2041 863 2110 in
890 2039 1044 2110 circuilu
1065 2039 1226 2112 ecclesiae
1242 2041 1476 2138 antiphonam
1495 2044 1671 2118 canenda:
1698 2045 1769 2124 Ex-

487 2182 618 2265 surgat
646 2166 752 2240 Deus
775 2182 812 2242 et
839 2165 1066 2262 dissipentur
1093 2165 1227 2239 inimici
1256 2167 1352 2254 eius,
1383 2194 1463 2240 cnm
1491 2168 1569 2264 apso
1589 2172 1744 2267 psalma.

600 2317 657 2366 12.
688 2292 829 2365 Iterum
856 2292 997 2364 veniens
1023 2302 1107 2365 ante
1132 2293 1252 2365 altare
1282 2304 1441 2390 spargat
1471 2295 1605 2368 ilerum
1632 2299 1672 2370 in
1699 2299 1768 2371 cir·

486 2419 595 2504 cuitu,
629 2418 864 2515 antiphonam
899 2418 1075 2491 canendo:
1104 2417 1178 2512 Qui
1207 2417 1349 2493 habitat
1377 2420 1412 2493 in
1453 2419 1646 2508 adiutorio,
1685 2450 1765 2497 cnm

428 2572 457 2622 rs
486 2545 563 2641 ipsa
584 2545 741 2642 psalma.

600 2691 656 2762 13.
688 2671 741 2744 Et
767 2673 888 2745 minat
911 2696 960 2742 ex
987 2671 1169 2778 ministris
1202 2679 1238 2742 et
1262 2671 1416 2756 cleri'czs,
1452 2677 1520 2770 qni
1542 2677 1767 2750 extrinsecus

484 2796 645 2870 ecclesiae
663 2799 826 2896 parieles
853 2822 926 2869 nna
954 2798 1034 2878 az'ce,
1058 2795 1255 2893 psallentes
1280 2806 1474 2893 spargant.
1491 2797 1527 2896 ⁴⁸)

600 2947 657 3017 14.
683 2924 824 2997 Iterum
835 2923 1008 3021 pontifex
1024 2931 1084 2994 eat
1099 2921 1143 2994 de
1164 2921 1283 2994 altare
1300 2926 1507 3020 spargenda
1517 2936 1591 3023 per
1608 2929 1766 3002 medinm

484 3051 645 3124 ccclesiae
675 3052 714 3125 in
746 3051 896 3147 longum
938 3058 972 3122 et
1002 3049 1041 3121 in
1072 3049 1203 3132 latum,
1248 3075 1387 3122 crucem
1406 3051 1595 3147 facienda
1634 3063 1670 3128 el
1692 3065 1765 3152 per

629 3326 653 3364 1.
673 3308 830 3376 concipiat:
846 3305 984 3375 proficiat.
1004 3308 1037 3361 C.
1053 3336 1086 3346 -
1100 3323 1126 3373 3.
1148 3306 1219 3360 Inde
1232 3315 1304 3370 etc.,
1320 3306 1466 3362 Eclarius
1479 3308 1561 3376 legit:
1581 3329 1597 3362 c
1612 3311 1679 3364 Post
1693 3311 1763 3366 haec

555 3409 571 3441 ‹
583 3389 723 3457 contingit
741 3388 874 3443 sacerdos
892 3387 1015 3454 digitum
1029 3387 1057 3440 in
1076 3403 1181 3455 aquam
1194 3395 1222 3442 et
1236 3386 1301 3441 iacit
1321 3403 1434 3443 crucem
1449 3406 1500 3457 per
1512 3399 1638 3458 quatuor
1655 3407 1762 3446 cornua

557 3491 571 3521 ι
584 3470 713 3525 altaris...
728 3489 744 3521 ι
759 3500 793 3510 -
806 3486 832 3536 4.
847 3468 978 3524 dextera:
993 3484 1010 3522 e
1026 3465 1066 3522 2.’
1077 3467 1171 3522 airas.
1187 3495 1221 3510 -
1234 3483 1260 3534 9.
1282 3467 1310 3522 T
1306 3485 1360 3522 unc
1371 3471 1424 3532 eat,
1438 3479 1492 3524 etc.
1503 3487 1509 3534 ;
1521 3470 1580 3525 sere
1592 3469 1629 3524 ad
1642 3471 1761 3526 verbum

554 3551 688 3606 convenit
708 3553 747 3605 E:
769 3549 905 3604 ‹Circuit
928 3547 1033 3603 dehinc
1058 3556 1149 3602 totam
1174 3547 1348 3618 (ecclesiam)
1375 3558 1405 3604 et
1425 3551 1551 3618 aspergit
1576 3550 1699 3620 parietes
1729 3552 1762 3605 il·

489 3641 491 3648 '
555 3630 671 3687 clius..
691 3631 802 3686 canitur
814 3641 911 3685 autem
930 3629 1044 3684 interim
1063 3627 1204 3696 psalmus:
1225 3629 1368 3698 Enurgat
1383 3631 1465 3684 Deus
1482 3648 1548 3685 cum
1567 3631 1759 3699 antiphona...

554 3731 570 3763 ‹
581 3711 692 3766 canitur
700 3712 786 3766 etiam
796 3711 967 3778 antiphona:
981 3709 1040 3777 Qui
1048 3709 1158 3762 habim
1167 3709 1198 3762 in
1210 3710 1354 3764 adiutorio
1366 3710 1537 3766 uilissimi.»
1549 3743 1582 3752 -
1595 3715 1637 3766 18.
1651 3713 1760 3767 Iterum

547 3793 696 3862 ponh'sex,
721 3801 791 3846 etc.:
817 3792 852 3846 E.
874 3792 969 3858 «Ipse
994 3789 1122 3857 pontifex
1147 3789 1266 3844 debet...
1288 3806 1339 3857 per
1358 3790 1482 3845 mediam
1508 3793 1657 3847 ecclesiam
1685 3793 1761 3848 ince-

554 3873 696 3928 ‹de1e....
716 3882 745 3928 et
763 3881 892 3928 cantare:
913 3873 1027 3925 Damus
1044 3886 1121 3932 mea,
1139 3871 1239 3925 domus
1261 3871 1401 3926 orationis
1419 3872 1598 3928 vacabitur...
1623 3873 1760 3928 Narrabo

554 3974 569 4004 ι
582 3971 682 4008 nornen
701 3957 779 4007 turem
794 3951 943 4020 frairr'bns
961 3951 1040 4014 meis,
1060 3951 1090 4004 in
1109 3951 1200 4005 medio
1217 3951 1350 4006 ecclesiae
1367 3953 1485 4006 laudabo
1504 3956 1566 4007 te.»

531 4195 578 4238 10.
604 4174 683 4236 Ord.
718 4174 809 4235 Rom.
839 4191 909 4251 145,
934 4171 1004 4234 Gel.
1031 4177 1094 4234 610
1117 4173 1220 4250 (133),
1246 4172 1331 4234 Men.
1361 4178 1431 4250 148,
1459 4173 1541 4235 Mur.
1567 4177 1641 4252 476,
1668 4173 1755 4236 Miss.

482 4275 592 4337 Franc.
611 4277 684 4352 677,
703 4271 795 4333 Mart.
814 4271 892 4333 Ord.
913 4270 953 4342 11,
973 4269 1029 4331 111.
1069 4265 1203 4348 *)Saec.
1221 4267 1285 4331 XII
1301 4290 1365 4333 non
1382 4281 1504 4334 tantum
1525 4271 1626 4334 m’bus
1640 4271 1759 4336 nanis

480 4374 535 4436 sed
558 4375 669 4453 septies
695 4369 793 4432 altare
826 4368 1067 4451 aspergebatur;
1093 4367 1136 4429 ita
1161 4367 1200 4428 E:
1230 4367 1344 4430 «inde
1378 4369 1465 4432 venit
1486 4381 1561 4432 ante
1594 4369 1701 4440 altare.
1726 4379 1758 4432 et

483 4495 500 4528 e
515 4469 656 4552 aspergit
679 4467 757 4531 illud
781 4480 901 4548 septem
925 4466 1079 4529 vicibus...
1115 4465 1255 4548 aspergit
1285 4479 1391 4530 autem
1420 4467 1530 4530 eadem
1566 4487 1650 4549 aqua
1683 4489 1755 4532 cum

484 4569 686 4650 «hyssopo...
722 4565 834 4630 circuit
867 4577 972 4628 autem
1002 4564 1109 4636 altare,
1145 4565 1326 4645 spargendo
1349 4565 1481 4628 eandem
1513 4586 1638 4648 aquam.
1655 4592 1673 4625 ›
1700 4565 1753 4629 cir.

480 4669 554 4731 Lev.
581 4667 635 4740 IV,
665 4686 713 4745 17,
744 4673 791 4729 18.

527 4787 574 4830 11.
601 4768 685 4828 Men.
715 4771 785 4844 148,
812 4765 893 4826 Mur.
919 4767 993 4842 476.

527 4885 575 4928 12.
600 4865 678 4926 Ord.
705 4865 797 4926 Rom.
827 4881 897 4940 145,
924 4862 1006 4923 Mur.
1029 4865 1103 4940 476.

526 4983 575 5042 13.
599 4961 678 5025 Ord.
704 4963 796 5024 Rom.
819 4980 889 5040 145,
908 4959 992 5021 Men.
1020 4963 1090 5037 148.
1130 4955 1266 5038 *)Haec
1281 4955 1399 5020 omittit
1416 4957 1452 5030 E,
1470 4968 1615 5039 utsupra
1635 4957 1751 5030 notavi,

476 5081 548 5124 cum
565 5061 643 5124 haec
658 5059 798 5141 aspersio
813 5057 949 5121 exterior
964 5057 1195 5139 praescribatur
1206 5055 1273 5136 jam
1290 5054 1433 5118 facienda
1455 5057 1496 5118 ab
1514 5054 1665 5136 episcopo
1680 5068 1753 5119 ante

476 5160 654 5242 ingressum
677 5158 709 5221 in
733 5157 904 5221 basilicam.

569 5279 616 5336 14.
642 5257 720 5319 Ord.
747 5258 838 5319 Rom.
869 5275 938 5334 145,
965 5255 1049 5316 Men.
1079 5259 1149 5332 148,
1175 5255 1258 5318 Mur.
1283 5258 1357 5334 476.
