4084 6128
501 509 611 563 ORDO
630 508 687 563 Ab
708 506 931 562 ECCLESIAM
953 506 1225 561 DEDICANDAM
1487 519 1504 568 9

222 775 294 844 tua,
318 757 499 831 Domine:
523 767 558 830 et
576 766 695 853 satagat
713 781 824 830 aranu
843 779 912 829 sua
934 754 1034 829 illud
1046 753 1175 828 altare.
1196 750 1257 852 *ἢ
1279 754 1393 827 Alcas
1420 779 1504 827 arra

221 885 386 957 sacerdos
400 883 527 980 factat
553 885 734 958 zirceasum
761 884 801 956 in
829 883 984 956 circuitu
1012 880 1157 954 alteru.

332 1033 391 1082 21.
422 1009 581 1107 Expleta
601 1008 746 1106 psalma
771 1009 895 1082 mittat
924 1007 1039 1081 oleum
1066 1007 1161 1080 sttui
1178 991 1310 1104 priris,
1348 1007 1504 1079 causnda

222 1135 477 1234 antiphonam:
501 1133 723 1209 Aedificavit
753 1135 906 1229 Moyses
934 1132 1048 1208 altare
1079 1130 1244 1207 Domino
1281 1130 1377 1218 De0,
1422 1157 1502 1206 cum

216 1262 380 1361 psalma:
411 1262 517 1336 Deus
546 1278 673 1337 noster
699 1260 884 1358 refugium
912 1276 951 1335 et
977 1260 1103 1334 virtus.

329 1413 389 1462 22.
420 1388 474 1460 Et
493 1389 615 1461 mittat
629 1387 788 1460 chrisma
810 1396 922 1484 super
939 1385 1068 1470 altare,
1091 1383 1246 1457 canendo
1266 1383 1503 1480 antiphonam

222 1516 348 1588 irtam:
377 1513 473 1588 Ecce
502 1514 595 1588 odor
622 1511 684 1588 filii
715 1514 787 1588 Dei
818 1514 912 1588 sicut
945 1511 1038 1588 odor
1055 1511 1136 1608 agri
1164 1509 1275 1607 pleni,
1306 1508 1363 1582 cui
1392 1510 1503 1584 bene·

222 1639 312 1714 dixit
341 1640 536 1724 Dominus,
568 1665 647 1713 cum
668 1639 834 1737 psalma:
864 1637 1122 1713 Fundamenta
1150 1632 1293 1732 elusi).

331 1791 349 1840 2
358 1787 390 1858 3.
412 1767 555 1839 Daz'nde
572 1767 611 1838 in
638 1767 793 1840 circuitu
812 1765 972 1840 acclesiae
983 1777 1057 1864 per
1066 1765 1361 1863 parnassaa'at
1382 1789 1504 1838 crum

221 1891 264 1964 da
289 1891 448 1964 chrisma
471 1893 510 1964 z'n
532 1891 576 1964 X
576 1890 626 1964 ll
647 1890 741 1974 lacis,
773 1891 910 1964 dz'cens:
939 1890 1196 1966 Sanctificetur
1223 1890 1293 1965 hoc
1323 1889 1501 1988 templum

222 2016 257 2090 in
286 2017 436 2090 nomine
467 2016 583 2091 Patris
611 2034 650 2092 et
678 2015 759 2090 Filii
789 2035 828 2090 et
856 2017 1015 2114 Spiritus
1044 2020 1172 2094 sancti.

363 2271 390 2323 9.
410 2254 529 2320 Deinde,
548 2263 619 2311 etc.:
641 2255 843 2311 ‹Consecrato
868 2254 948 2310 altari
972 2253 1127 2312 duodecim
1145 2273 1244 2314 cruces
1263 2255 1455 2314 chrismantur
1473 2254 1502 2312 in

294 2329 518 2403 (parietibus.)
539 2335 578 2391 ita
598 2337 631 2391 E.

223 2563 259 2605 ac
282 2543 383 2606 multo
407 2545 572 2626 magisne
597 2545 826 2608 haereticorum
851 2544 998 2608 manibus
1020 2543 1130 2607 abradi
1147 2555 1277 2625 possent
1300 2545 1368 2622 (csr.
1394 2546 1502 2628 Optat.

225 2641 356 2706 Milevit.
381 2642 437 2705 lib.
462 2644 533 2723 VI.)
557 2681 598 2690 -
623 2640 677 2724 **)
691 2644 778 2707 Licet
801 2643 871 2706 cod.
897 2644 924 2706 E
948 2642 1067 2706 nullam
1084 2643 1291 2724 antiphonam
1315 2643 1433 2708 indicet
1445 2667 1504 2726 pro

228 2739 388 2814 unctione,
420 2753 553 2805 autumo
583 2763 622 2806 ex
650 2743 733 2823 stylo
764 2742 915 2823 mysticae
947 2741 1153 2823 expositionis
1184 2742 1288 2823 ipsum
1320 2745 1502 2807 summatim

230 2839 432 2920 descripsisse
455 2862 537 2921 quae
560 2841 600 2904 ad
626 2841 806 2904 unctionem
822 2841 931 2904 altaris
953 2841 1121 2922 pertinent,
1149 2840 1242 2903 sicuti
1270 2841 1412 2905 indicant
1435 2842 1505 2923 ipsa

223 2937 318 2999 verba
345 2960 363 2994 ι
379 2939 476 3000 mittit
503 2939 643 3020 pontifex
671 2940 775 3003 oleum
799 2960 895 3020 snper
917 2939 1046 3002 altare...
1065 2965 1096 3012 »‚
1121 2939 1270 3021 idemque
1305 2939 1400 3021 paulo
1424 2939 1505 3004 inira

223 3035 267 3098 sic
283 3034 441 3100 innuitur:
462 3061 480 3094 a
496 3037 612 3101 dehinc
635 3038 807 3120 insignitur
822 3038 921 3102 altare
936 3037 1125 3102 sacrosancti
1142 3037 1321 3101 chrismatis
1344 3039 1502 3112 unctione,

227 3146 290 3196 «et
318 3134 444 3198 interim
475 3147 621 3199 cantatur
651 3137 840 3218 antiphona:
875 3138 981 3198 Unxr't
1001 3145 1029 3198 te
1051 3138 1141 3198 Deus
1171 3144 1245 3199 tuas
1273 3140 1337 3199 alca
1368 3140 1504 3200 laetitiae

227 3255 243 3288 «
253 3240 336 3313 prae
357 3235 547 3298 consortibus
569 3239 662 3298 trata»
688 3256 728 3298 ex
759 3235 877 3316 quibus
911 3235 1074 3317 colligitur
1097 3235 1230 3317 antiquo
1258 3235 1373 3298 Ordini
1406 3255 1504 3298 novas

223 3331 388 3394 accessisse
418 3331 618 3413 antiphonas,
648 3355 730 3415 quae
761 3335 957 3396 concordant
986 3355 1057 3396 cum
1091 3333 1154 3396 illis
1185 3332 1331 3397 hodierni
1366 3334 1503 3397 Romani

225 3428 424 3494 Pontificalis.

268 3547 319 3590 21.
344 3529 423 3592 Ord.
450 3533 543 3597 Rom.
573 3552 643 3611 145·

269 3646 318 3689 22.
348 3629 427 3692 Ord.
453 3631 546 3693 Rom.
572 3630 613 3692 ib.
640 3630 724 3692 Men.
755 3649 825 3708 149,
850 3629 933 3691 Mur.
958 3635 1033 3706 483,
1059 3627 1155 3690 Gerb.
1176 3635 1226 3700 28,
1254 3629 1346 3692 Mart.
1365 3629 1443 3692 Ord.
1462 3628 1502 3696 ll.

223 3717 255 3804 *)
274 3726 323 3788 Ex
342 3726 378 3799 E,
396 3728 450 3790 ubi
468 3728 602 3810 legitur:
622 3752 640 3785 «
655 3727 779 3794 Dehinc
801 3725 974 3808 insignitur
995 3727 1094 3788 altare
1115 3728 1307 3790 sacrosancti
1325 3728 1505 3793 chrismatis

227 3824 419 3900 «unctione,
443 3839 475 3889 et
499 3827 624 3889 interim
652 3838 796 3889 cantatur
827 3825 1015 3906 antiphona:
1048 3827 1153 3888 Unxz't
1175 3833 1202 3887 te
1233 3829 1324 3890 Deus
1346 3834 1420 3890 tuus
1441 3831 1506 3891 olea

227 3945 244 3978 ι
258 3924 396 3986 laetitiae
405 3932 489 4005 prae
503 3928 692 3988 cansarn'bus
707 3928 779 3996 tuis,
796 3950 813 3983 »
834 3944 897 3986 non
914 3923 990 3986 satis
1005 3935 1136 4004 apparet
1153 3937 1259 3988 utrum
1276 3925 1448 3989 chrismate
1472 3927 1504 3988 in

224 4021 328 4085 medio
351 4036 383 4085 et
405 4036 544 4104 quatuor
562 4024 690 4106 angulis
711 4023 819 4086 altaris
843 4023 920 4084 fiant
943 4021 1085 4104 quinque
1107 4043 1224 4096 cruces,
1249 4044 1290 4085 an
1314 4023 1505 4092 effundatur,

225 4131 258 4181 ut
280 4119 398 4202 legitur
422 4123 454 4184 in
477 4122 641 4185 hodiernis
663 4121 911 4204 pontificalibus:
936 4120 1095 4202 quidquid
1119 4121 1169 4192 sit,
1195 4143 1234 4184 ex
1258 4123 1286 4184 E
1310 4122 1419 4204 utique
1434 4144 1507 4186 con·

223 4230 284 4281 stat
306 4239 386 4282 saec.
412 4219 475 4282 XII
500 4222 596 4284 etiam
619 4241 658 4284 ex
681 4232 789 4284 nostro
814 4218 988 4282 Pontificali
1020 4219 1229 4299 antiphonam
1263 4222 1340 4282 Ecce
1365 4223 1449 4294 adar,
1474 4234 1505 4285 et

224 4317 333 4397 psalm
366 4320 603 4392 mandamento,
637 4320 765 4382 recitata
791 4318 901 4390 suisse;
937 4317 992 4380 sed
1028 4317 1115 4380 aliud
1148 4317 1277 4398 insuper
1311 4317 1407 4380 asseri
1440 4339 1503 4382 non

224 4426 334 4496 potest,
352 4437 435 4488 cum,
453 4417 499 4481 uti
516 4418 579 4480 iam
597 4418 712 4490 notavi,
731 4417 762 4479 in
779 4415 922 4496 mysticis
939 4415 1193 4496 expositionibus
1209 4416 1301 4496 plura
1321 4417 1502 4480 summatim

224 4525 345 4576 tantum
370 4515 556 4602 reserantur,
580 4516 626 4578 uti
650 4517 682 4578 in
713 4537 787 4578 casu
812 4516 839 4577 E
863 4525 979 4586 noster,
1009 4514 1065 4595 qui
1089 4514 1195 4576 statim
1223 4527 1295 4594 post
1322 4515 1503 4578 unctionem

224 4613 334 4686 crucis,
363 4613 476 4677 ceteris
498 4613 736 4695 praetermissis,
762 4612 883 4676 subdit:
912 4613 1075 4674 «Peracta
1098 4611 1236 4694 denique
1258 4613 1502 4686 consecratione,

229 4711 341 4774 «albis
364 4711 577 4776 velaminibus
591 4712 771 4793 cooperitur
792 4711 922 4774 altare»
949 4709 1027 4792 quin
1044 4710 1140 4772 verba
1164 4709 1256 4772 saciat
1279 4731 1336 4772 nec
1358 4710 1400 4773 de
1421 4711 1504 4774 Reli·

225 4809 370 4890 quiarum
394 4810 609 4884 translatione,
634 4832 691 4874 nec
714 4811 755 4873 de
777 4806 1053 4873 benedictionibus
1076 4807 1305 4880 linteaminum,
1329 4821 1399 4882 etc„
1424 4829 1503 4890 quas

226 4907 257 4970 in
280 4909 311 4970 A
335 4908 397 4972 iam
422 4929 441 4972 a
463 4930 543 4972 saec.
570 4910 617 4972 IX
646 4908 817 4972 Mediolani
842 4917 984 4988 peractas
1006 4924 1197 4987 cognoscere
1230 4926 1411 4986 possemus,
1442 4907 1503 4971 nisi

225 5005 352 5070 aliunde
375 5005 476 5087 ipsius
501 5009 602 5072 Patris
625 5007 723 5071 nostri
748 5005 908 5070 Ambrosii
932 5003 1137 5067 traditionem
1161 5004 1362 5070 haberemus,

272 5123 321 5184 ²³·
347 5105 427 5168 Ord.
446 5105 538 5168 Rom.
557 5107 598 5180 ib,
619 5108 702 5168 Men.
733 5125 801 5184 149·
821 5105 902 5168 Mur.
929 5107 1003 5182 483,
1022 5101 1117 5164 Gerb.
1137 5110 1189 5182 48,
1208 5103 1300 5166 Mart.
1318 5099 1396 5166 Ord.
1417 5101 1458 5165 ll.
1505 5109 1509 5116 “
