4078 6126
534 557 583 596 102
788 544 991 597 APPENDIX
1012 545 1067 598 AD
1090 543 1357 599 PONTIFICALE
1376 543 1485 598 SAEC.
1513 542 1565 598 IX.

532 786 660 860 iubeas
694 813 813 884 grege
842 789 1034 874 numerari,
1066 815 1133 886 per
1167 788 1355 862 Christum
1395 786 1598 859 Dominum
1634 803 1808 860 nostrum.

531 913 655 1005 Quam
684 912 920 998 oblationem,
943 939 1055 1010 quam
1074 915 1201 1011 pietati
1226 932 1312 988 tuae
1338 913 1536 990 offerimus.
1559 928 1608 998 tu,
1633 913 1748 1000 DeuS,
1777 914 1810 987 in

529 1038 711 1122 omnibus,
742 1063 979 1135 quaesumus
1009 1039 1034 1134 †
1063 1039 1301 1112 Benedictam
1329 1039 1353 1134 †
1380 1039 1576 1132 ascriptam
1608 1053 1724 1112 ratam
1753 1064 1811 1110 ra-

529 1161 743 1236 tionabilem
771 1163 1110 1261 acceptabilemque
1140 1164 1259 1238 lacere
1286 1164 1461 1262 digneris
1493 1179 1533 1236 ut
1553 1164 1659 1237 nobis
1679 1191 1813 1261 corpus

485 1317 499 1366 5
529 1304 566 1360 et
594 1287 747 1384 sanguis
776 1288 839 1361 fiat
866 1287 1091 1363 dilectissimi
1113 1290 1193 1363 Filii
1217 1289 1279 1374 tui,
1313 1289 1464 1362 Domini
1493 1306 1618 1362 autem
1649 1290 1721 1362 Dei
1751 1315 1813 1361 no-

528 1413 591 1486 stri
623 1413 731 1486 lhesu
763 1413 909 1487 Christi.
932 1415 1007 1508 Qui
1037 1416 1153 1511 pridie
1181 1441 1292 1514 quam
1322 1442 1389 1511 pro
1428 1430 1554 1489 nostra
1582 1432 1619 1488 et
1646 1415 1812 1487 omnium

529 1536 647 1610 salute
675 1554 872 1634 pateretur,
903 1540 972 1613 hoc
1000 1557 1058 1614 est
1083 1541 1261 1615 hodierna
1279 1541 1351 1625 die,
1373 1539 1610 1613 discumbens
1631 1540 1667 1612 in
1689 1541 1812 1612 medio

527 1664 790 1761 discipulorum
820 1693 981 1752 suorum,
999 1683 1037 1740 et
1064 1669 1248 1765 accipiens
1276 1693 1410 1764 panem
1433 1667 1590 1740 elevavit
1618 1665 1746 1739 oculos
1763 1667 1812 1739 ad

527 1788 661 1874 caelos,
683 1791 731 1864 ad
751 1807 787 1864 te
819 1791 942 1864 Deum
960 1793 1105 1866 Patrem
1132 1819 1238 1866 suum
1259 1793 1565 1889 omnipotentem,
1588 1793 1652 1865 tibi
1672 1793 1812 1890 gratias

467 1949 500 1985 10
527 1943 655 2014 agens,
685 1917 710 2012 †
739 1918 943 2004 Benedixit,
962 1917 1072 2015 lregit
1099 1919 1277 2016 deditque
1305 1917 1493 2015 discipulis
1513 1918 1589 1992 suis
1617 1918 1744 1992 dicens
1763 1918 1811 1989 ad

527 2069 611 2116 eos:
642 2043 809 2139 Accipite
846 2060 884 2117 et
911 2043 1132 2118 manducate
1160 2070 1207 2118 ex
1235 2043 1304 2117 hoc
1333 2069 1479 2130 omneS,
1514 2044 1598 2116 Hoc
1626 2058 1684 2116 est
1712 2042 1811 2114 enim

526 2192 660 2263 corpus
678 2193 813 2241 meum.
842 2166 958 2240 Simili
975 2168 1087 2241 modo
1106 2184 1305 2266 postquam
1325 2184 1521 2242 coenatum
1536 2184 1603 2252 est,
1626 2167 1810 2263 accipiens

527 2292 676 2366 calicem
696 2293 853 2366 elevavit
876 2292 1003 2366 oculos
1022 2293 1070 2365 ad
1090 2292 1212 2366 caelos
1239 2293 1287 2366 ad
1315 2308 1353 2366 te
1382 2294 1505 2366 Deum
1537 2293 1681 2365 Patrem
1702 2317 1810 2364 suum
1878 2329 1882 2335 ·

527 2418 832 2515 omnipotentem,
859 2418 945 2491 item
975 2418 1039 2491 tibi
1058 2420 1197 2516 gratias
1225 2442 1354 2517 agens
1377 2419 1401 2514 †
1422 2417 1626 2502 Benedixit,
1658 2417 1810 2490 tradidit

466 2567 496 2617 15
525 2543 713 2641 discipulis
733 2545 810 2618 suis
829 2544 956 2618 dicens
974 2544 1021 2617 ad
1041 2571 1125 2618 eos:
1147 2545 1314 2641 Accipite
1338 2561 1377 2618 et
1395 2544 1509 2617 bibite
1529 2569 1576 2617 ex
1594 2569 1640 2617 eo
1660 2567 1804 2626 omnes,

528 2670 599 2742 Hic
622 2686 679 2744 est
698 2670 796 2743 enim
825 2670 918 2743 calix
938 2671 1131 2768 sanguinis
1152 2670 1233 2754 mei,
1257 2671 1341 2742 novi
1361 2686 1399 2743 et
1417 2670 1557 2742 aeterni
1578 2669 1802 2752 testamenti,

525 2797 739 2891 mysterium
770 2795 865 2882 lidei,
896 2797 960 2894 qui
991 2822 1058 2892 pro
1086 2796 1191 2868 vobis
1219 2812 1257 2870 et
1284 2821 1352 2892 pro
1381 2795 1505 2868 multis
1533 2792 1744 2868 effundetur
1768 2795 1806 2866 in

525 2921 779 2996 remissionem
808 2939 1054 3018 peccatorum.
1079 2922 1265 2995 Mandans
1288 2947 1439 3019 quoque
1459 2937 1497 2994 et
1515 2920 1641 2993 dicens
1655 2919 1703 2993 ad
1723 2944 1806 2992 eos:

526 3047 632 3121 Haec
660 3049 994 3146 quotienscumque
1023 3047 1180 3121 feceritis
1200 3047 1237 3120 in
1266 3069 1386 3120 meam
1415 3045 1805 3119 commemorationem

462 3199 496 3236 20
525 3173 674 3260 facietis,
706 3192 862 3248 mortem
892 3200 1012 3248 meam
1041 3173 1310 3270 praedicabitis,
1349 3173 1653 3246 resurrectionem
1683 3195 1803 3244 meam

523 3301 798 3387 annuntiabitis
828 3302 1029 3375 adventum
1059 3326 1182 3373 meum
1212 3299 1417 3396 sperabitis
1449 3299 1568 3372 donec
1596 3299 1727 3371 iterum
1756 3297 1804 3368 de

522 3425 633 3500 caelis
660 3427 806 3500 veniam
835 3428 983 3501 advos
1008 3428 1113 3500 llaec
1143 3426 1306 3511 facimus,
1336 3424 1427 3498 haec
1454 3423 1695 3506 celebramus,
1726 3440 1800 3504 tua,

524 3552 697 3638 Domine,
729 3569 926 3650 praecepta
954 3568 1163 3638 servantes;
1187 3568 1225 3625 et
1252 3551 1299 3624 ad
1328 3549 1627 3624 communionem
1655 3545 1806 3620 inviola-

521 3676 643 3764 bilem,
675 3678 745 3752 hoc
774 3679 894 3775 ipsum
923 3678 1025 3776 quod
1061 3703 1195 3774 corpus
1226 3677 1376 3750 Domini
1414 3675 1605 3760 sumimus,
1645 3689 1800 3746 mortem

459 3829 491 3877 25
521 3801 742 3876 dominicam
778 3806 1000 3876 nuntiamus.
1032 3803 1154 3875 Tuum
1188 3827 1276 3875 vero
1311 3818 1378 3888 est,
1409 3801 1646 3896 omnipotens
1681 3798 1799 3882 Pater,

521 3929 664 4001 mittere
709 3954 804 4002 nunc
840 3928 948 4002 nobis
988 3927 1232 4024 Unigenitum
1265 3927 1398 3999 Filium
1432 3942 1547 4010 tuum,
1585 3949 1696 4020 quem
1726 3947 1800 3996 non

520 4055 783 4150 quaerentibus
813 4070 946 4150 sponte
975 4054 1124 4139 misisti;
1150 4053 1225 4150 qui,
1256 4078 1339 4125 cum
1355 4052 1405 4124 sis
1434 4052 1513 4147 ipse
1533 4049 1736 4122 immensus
1764 4065 1803 4120 et

520 4180 807 4268 inaestimabilis,
841 4180 964 4253 Deum
980 4204 1131 4275 quoque
1159 4203 1206 4252 ex
1235 4193 1271 4250 te
1292 4178 1513 4250 immensum
1533 4191 1571 4248 et
1590 4173 1803 4246 inaestima-

520 4306 630 4381 bilem
665 4306 846 4404 genuisti;
876 4324 918 4378 ut
958 4305 1061 4378 cuius
1103 4303 1277 4400 passione
1314 4301 1607 4397 redemptionem
1648 4297 1798 4372 humani

456 4463 491 4512 ³0
519 4435 667 4531 generis
696 4433 863 4516 tribuisti,
894 4431 975 4526 ejus
1005 4455 1101 4502 nunc
1129 4455 1263 4525 corpus
1292 4429 1430 4501 tribuas
1459 4427 1506 4500 ad
1539 4425 1707 4510 salutem,
1732 4449 1800 4521 per

519 4560 678 4633 eundem
709 4559 896 4633 Christum
927 4555 1129 4628 Dominum
1160 4570 1337 4627 nostrum.

631 4712 687 4762 ιο.
709 4684 746 4784 l)
778 4687 848 4758 Per
880 4706 991 4780 quem
1021 4679 1280 4766 haecomnia,
1313 4678 1492 4762 Domine,
1525 4701 1672 4773 semper
1698 4673 1798 4748 bona

661 4947 686 4998 7.
708 4931 762 4985 boc
780 4939 838 4984 est:
860 4947 916 4983 om.
937 4929 996 4982 cod.
1018 4927 1109 4994 Berg.

566 5173 613 5214 ιο.
638 5151 733 5212 Gerb.
753 5169 805 5228 75.
851 5145 884 5233 *)
902 5145 1030 5208 Nullam
1048 5142 1157 5206 Codex
1181 5139 1277 5202 habet
1300 5139 1360 5200 hoc
1384 5137 1415 5199 in
1441 5136 1510 5200 loco
1537 5135 1712 5199 orationem
1737 5154 1796 5214 pro
