4084 6128
512 545 543 581 22
909 525 1054 579 PONTIF
1057 525 1175 579 lCALE
1200 524 1310 580 SAEC.
1338 524 1389 578 IX.

508 777 623 850 sancti
652 779 825 874 mysterio
848 775 1065 875 protoplasti
1095 777 1258 872 parentis
1295 777 1409 852 nostri
1443 775 1593 874 generis
1631 781 1787 849 mortem

506 926 645 989 cavere,
676 919 715 977 et
745 903 856 977 vitam
885 926 1118 976 ammoneres
1146 902 1331 976 custodire
1359 918 1595 999 perpetuam,
1625 902 1688 999 qui
1719 926 1795 975 nos

504 1029 606 1102 vetiti
634 1029 774 1104 arboris
794 1030 940 1104 adtactu
966 1045 1120 1102 mortem
1149 1028 1344 1102 adeundos
1372 1027 1539 1102 eiusdem
1568 1044 1788 1102 coaeternae

504 1155 569 1228 tibi
598 1156 802 1253 sapientiae
830 1173 916 1231 tuae
946 1155 1018 1230 Dei
1042 1171 1080 1229 et
1109 1154 1262 1228 Domini
1291 1154 1405 1228 nostri
1430 1153 1543 1250 Jbesu
1566 1153 1703 1228 Christi
1733 1153 1790 1227 in·

460 1317 474 1367 5
505 1283 614 1356 noxia
642 1299 760 1356 morte
787 1282 836 1356 ad
863 1283 975 1356 vitam
1005 1280 1288 1356 misericorditer
1316 1305 1488 1354 revocare
1521 1279 1697 1377 dignatus
1725 1305 1786 1364 es;

504 1423 541 1480 te
567 1408 752 1506 supplices
771 1408 1022 1506 deprecamur,
1045 1424 1086 1482 ut
1113 1407 1183 1482 boc
1203 1405 1391 1505 singulare
1417 1406 1566 1504 signum
1596 1405 1708 1503 quod,
1739 1406 1787 1480 ad

503 1534 713 1632 exemplum
742 1535 848 1632 primi
878 1533 973 1608 illius
1002 1533 1236 1608 sacratissimi
1264 1531 1385 1606 vexilli
1405 1531 1592 1628 praetioso
1623 1529 1703 1604 Filii
1733 1533 1785 1604 tui

504 1662 686 1758 sanguine
721 1659 961 1758 triumphalis
994 1659 1152 1735 famulus
1180 1675 1266 1733 tuus
1295 1657 1354 1732 ille
1374 1657 1532 1732 devotus
1551 1657 1677 1742 erexit,
1707 1659 1786 1731 cae·

503 1785 584 1860 lesti
614 1804 677 1861 tua
695 1787 954 1861 benedictione
983 1787 1210 1861 sanctificare
1239 1785 1425 1883 digneris:
1457 1800 1498 1858 ut
1526 1783 1699 1858 omnibus
1727 1783 1785 1857 bic

444 1943 476 1982 10
502 1913 839 2011 genuflectentibus
867 1939 909 1988 ac
938 1929 1023 1988 tuae
1058 1912 1390 2011 supplicationibus
1424 1911 1618 1996 maiestati,
1650 1909 1787 2008 largior

504 2055 541 2113 et
560 2039 680 2113 cordis
700 2039 944 2137 compunctio,
970 2056 1008 2113 et
1025 2038 1258 2138 indulgentia
1276 2037 1500 2112 concedatur
1518 2036 1783 2122 admissorum;

503 2181 615 2263 atque
645 2166 894 2240 intercedente
914 2166 996 2263 ipsa
1012 2165 1165 2240 victoria
1191 2164 1459 2264 gloriosissima
1480 2163 1673 2262 Unigeniti
1703 2162 1785 2237 Filii

505 2291 555 2364 tui
579 2291 773 2388 passionis,
803 2309 842 2366 et
870 2293 934 2366 tibi
954 2291 1087 2389 placita
1115 2292 1312 2389 postulare,
1344 2307 1382 2365 et
1409 2290 1515 2364 citius
1543 2287 1691 2364 valeant
1718 2314 1787 2386 po-

505 2415 639 2491 stulata
665 2403 867 2515 percipere.
898 2418 968 2502 Da,
999 2442 1237 2514 quaesumus,
1275 2416 1560 2491 clementissime
1597 2415 1715 2503 Pater,
1747 2417 1784 2488 in

443 2583 474 2634 15
504 2567 579 2640 quo
614 2541 785 2629 vivimus,
826 2569 1017 2617 movemur
1050 2560 1089 2618 et
1121 2569 1266 2629 sumne,
1303 2559 1344 2616 ut
1376 2542 1522 2639 quoties
1557 2539 1781 2639 triumphum

504 2667 650 2742 divinae
682 2667 913 2756 humilitatis,
950 2693 1047 2766 quae
1081 2669 1292 2766 superbiam
1332 2667 1449 2743 hostis
1485 2668 1600 2742 nostri
1637 2668 1780 2754 deiecit,

504 2795 619 2870 oculis
647 2797 841 2882 intuemur,
873 2796 1020 2893 quoties
1047 2813 1172 2871 mente
1200 2795 1405 2882 recolimus,
1427 2811 1465 2871 et
1483 2811 1610 2871 contra
1637 2795 1783 2872 hostem

506 2923 626 3019 ipsum
654 2922 825 2996 fiduciam
855 2921 1088 3008 fortitudinis,
1119 2937 1157 2996 et
1180 2922 1356 2996 maiorem
1382 2921 1541 2996 devotae
1570 2921 1784 2997 humilitatis

504 3049 663 3146 gratiam
682 3072 971 3146 consequamur:
993 3063 1178 3146 quatenus
1198 3048 1235 3122 in
1256 3047 1318 3122 illo
1336 3048 1551 3123 tremendae
1570 3065 1656 3124 tuae
1676 3049 1785 3123 maie-

443 3223 477 3261 ,0
506 3174 610 3248 statis
637 3173 821 3260 examine,
853 3173 1158 3271 compaventibus
1181 3171 1374 3259 elimentis,
1405 3172 1666 3271 caelorumque
1684 3198 1786 3247 com-

505 3299 614 3373 motis
628 3298 833 3386 virtutibus,
851 3299 999 3396 signum
1019 3297 1108 3372 illud
1126 3297 1331 3397 glorificum
1351 3297 1616 3395 redemptionis
1636 3314 1785 3372 nostrae

504 3441 682 3522 appareat
700 3425 737 3498 in
765 3423 878 3510 caelo,
909 3425 978 3522 ipsi
999 3424 1047 3498 de
1066 3439 1183 3498 morte
1203 3424 1250 3497 ad
1269 3425 1381 3498 vitam
1409 3425 1574 3510 transire,
1599 3449 1642 3498 ac
1656 3448 1785 3522 perpe-

504 3568 589 3625 tuae
616 3552 749 3626 beatae
768 3550 1044 3626 resurrectionis
1062 3547 1201 3649 gaudia
1218 3547 1343 3624 videre
1365 3575 1580 3638 mereamur,
1611 3575 1687 3647 per.
1712 3549 1748 3639 *l

647 3813 671 3852 1.
686 3796 854 3866 protoplasti
868 3796 1009 3865 parentis:
1025 3796 1236 3864 protoparentis
1256 3797 1288 3851 B.
1304 3828 1336 3836 -
1352 3813 1376 3851 2.
1391 3813 1587 3852 ammoneres:
1603 3797 1783 3852 admoneres

576 3880 607 3932 B.
619 3909 654 3922 -
665 3895 691 3945 3.
704 3879 799 3932 vetiti:
812 3879 926 3933 vetitae.
940 3880 971 3933 B.
983 3877 1141 3932 -adtactu
1152 3896 1158 3931 :
1170 3877 1286 3934 restitui
1299 3877 1318 3930 d
1335 3878 1429 3933 abrae
1442 3909 1474 3917 -
1486 3887 1607 3933 mortem
1620 3877 1781 3934 adeundos:

575 3960 665 4013 iustae
679 3959 762 4014 morti
775 3957 913 4013 addictos.
930 3961 962 4013 B.
978 3991 1010 3998 -
1024 3975 1051 4024 4.
1068 3958 1135 4013 tibi:
1150 3975 1207 4013 om.
1223 3959 1254 4012 B.
1267 3987 1301 4000 -
1314 3962 1341 4012 6.
1355 3957 1557 4026 deprecamur:
1574 3975 1735 4026 exoramus.
1752 3961 1783 4013 B.

574 4069 608 4082 -
618 4043 644 4094 8.
657 4040 780 4093 famulus
789 4049 855 4094 tuus
868 4039 916 4094 ille
926 4039 1047 4094 devotus
1058 4039 1147 4094 erexit
1158 4057 1164 4093 ε
1177 4038 1305 4092 fidelium
1315 4049 1430 4094 tuorum
1440 4039 1594 4094 devotione
1604 4049 1784 4107 compactum

574 4130 626 4175 est.
649 4122 680 4175 B.
695 4150 730 4163 -
744 4137 787 4176 ro.
807 4120 1077 4188 supplicationibus:
1098 4118 1334 4188 supplicantibus
1352 4121 1383 4174 B.
1399 4150 1433 4163 -
1447 4136 1490 4176 12.
1512 4121 1628 4175 victoria
1641 4120 1786 4188 gloriosis-

573 4201 660 4254 sima:
682 4200 923 4256 victoriosissima.
946 4202 1086 4267 B.-13.
1107 4199 1264 4268 passionis:
1286 4200 1428 4267 passione.
1449 4203 1480 4255 B.
1502 4232 1536 4245 -
1557 4218 1599 4268 19.
1620 4201 1785 4255 tremendae

572 4292 653 4335 tuae:
675 4280 825 4336 tremendo
844 4281 944 4349 ipsius.
966 4283 998 4336 B.
1015 4310 1048 4323 -
1062 4298 1106 4335 20.
1122 4281 1374 4348 compaventibus:
1396 4298 1476 4345 cum,
1499 4281 1679 4350 paventibus.
1702 4284 1733 4336 B.
1751 4311 1785 4324 -

573 4361 729 4416 elimentis:
751 4362 910 4418 elementis.
932 4364 964 4418 Β.
985 4393 1017 4403 -
1041 4379 1084 4416 21.
1099 4360 1251 4416 commotis
1264 4360 1431 4416 virtutibus:
1454 4363 1604 4416 virtutibus
1622 4363 1783 4417 commotis.

576 4445 606 4496 ll.
625 4473 658 4482 -
678 4460 722 4498 22.
742 4452 892 4510 appareat:
907 4443 1080 4511 apparuerit.
1096 4444 1128 4497 B.
1149 4473 1184 4485 -
1204 4459 1247 4495 22.
1264 4451 1434 4510 perpetuae:
1449 4453 1597 4510 perpetua.
1613 4445 1645 4498 B.
1660 4472 1694 4485 -
1709 4443 1737 4512 *l
1753 4445 1783 4497 B.

573 4524 637 4577 odd.
658 4526 697 4578 al.
718 4526 803 4588 orat„
822 4539 906 4592 quam
919 4524 984 4579 vide
1002 4523 1032 4578 in
1050 4523 1238 4592 descriptione
1255 4524 1316 4578 cod.
1336 4523 1374 4578 B.
1389 4523 1420 4577 c'n
1427 4524 1622 4592 praefatione.

498 4783 499 4786 ¹
548 4750 582 4832 ²¹³)
609 4753 700 4832 Quae
723 4763 900 4833 sequuntur
918 4753 949 4814 in
967 4755 1037 4820 cod.
1064 4755 1208 4818 Trm'cen.
1231 4771 1309 4818 saec.
1326 4753 1386 4825 IX,
1411 4752 1461 4817 ed.
1478 4773 1497 4813 a
1513 4751 1619 4826 Gerb,
1635 4754 1656 4818 l.
1673 4775 1709 4827 c.,
1729 4753 1787 4816 Or-

503 4851 610 4914 dinem
624 4851 674 4913 dis
681 4851 815 4914 tinctum
832 4851 1040 4926 constituunt,
1059 4851 1260 4931 inscriptum:
1283 4851 1366 4912 Ordo
1382 4852 1532 4931 quomodo
1547 4854 1581 4914 in
1593 4853 1627 4916 S.
1641 4853 1786 4914 Romana

503 4951 644 5012 Ecclesia
660 4951 831 5030 Reliquiae
841 4951 1039 5020 conduntur:
1054 4952 1086 5012 in
1100 4949 1223 5012 Ordine
1238 4949 1448 5011 dedicationis
1459 4949 1546 5029 apud
1561 4949 1658 5012 Gerb.
1672 4953 1716 5031 (p.
1730 4953 1786 5030 48)

503 5047 668 5111 translatio
685 5047 902 5128 reliquiarum,
919 5069 1092 5131 earumque
1105 5047 1257 5129 repositio
1274 5047 1306 5108 in
1318 5046 1409 5110 altari
1426 5047 1461 5110 fit
1478 5049 1636 5111 cantando
1652 5059 1787 5112 tantum-

504 5147 601 5209 modo
626 5157 691 5212 ant.
715 5149 920 5210 Exrcllobunl
939 5168 1011 5210 cum
1036 5148 1175 5230 psalmo:
1206 5148 1338 5208 Contole
1360 5149 1506 5222 Domino,
1529 5149 1619 5216 lons:
1641 5147 1737 5222 nulla,
1752 5157 1787 5208 ut
