4078 6126
411 527 438 578 11
459 527 580 590 ORDO,
603 529 653 581 EX
673 529 763 582 COD.
786 529 909 584 BASIL.
930 531 1100 584 AMBROS.
1121 531 1231 584 SAEC.
1253 531 1317 584 XV.
1453 545 1499 581 121

659 1220 724 1357 H
776 1222 1068 1365 ORDO

353 1477 425 1550 EX
456 1477 578 1551 COD.
612 1479 773 1550 BASIL.
806 1479 1037 1554 AMBROS.
1068 1481 1214 1556 SAEC.
1247 1484 1319 1556 XV
1340 1480 1377 1580 ⁴¹³)

863 1685 868 1690 .
896 1685 957 1692 ——..

533 1944 685 2018 oeno
714 1947 791 2020 no
821 1947 1196 2023 cononnuoos

292 2100 555 2208 REGEM
590 2105 686 2209 ET
722 2105 1077 2214 RECINAM
1113 2109 1435 2217 [TALIAE.

337 2356 491 2428 1.I)um
519 2359 769 2430 sonorissimus
791 2385 862 2431 rex
883 2385 1129 2443 romanorum,
1155 2370 1340 2456 tarnequam
1363 2362 1499 2444 electus,
1549 2413 1564 2462 5

223 2483 386 2577 pervenit
410 2483 449 2554 in
481 2483 632 2556 Iloliom
659 2484 714 2556 od
735 2485 979 2581 accipiendum
1011 2511 1178 2557 coronam
1193 2485 1327 2582 ferreo
1356 2486 1395 2558 e'n
1422 2488 1503 2559 cini-

229 2617 296 2679 tnle
318 2609 525 2682 Mediolani
542 2619 624 2682 arete
650 2611 769 2682 altore
795 2611 889 2683 alini
908 2612 1179 2706 confessoriam
1202 2613 1334 2684 em'me'z'
1349 2613 1504 2685 doctoris

367 2910 393 2960 3.
415 2894 525 2948 ORDO
541 2905 613 2949 etc:
636 2912 692 2950 ino.
713 2900 816 2950 recent.
839 2897 868 2950 in
882 2897 941 2964 sol.
963 2896 1061 2950 adscit.

269 3147 300 3236 *l
313 3151 424 3213 Codex
436 3151 627 3232 perinsignis
639 3151 786 3214 basilicae
800 3152 931 3214 minoris
943 3153 976 3214 S.
991 3152 1153 3215 Ambrosii
1171 3153 1357 3226 Mediolani,
1371 3156 1503 3217 membr.

228 3268 299 3327 0,15
313 3259 346 3325 )<
361 3255 449 3328 o,36,
474 3250 526 3312 sol.
559 3271 597 3328 13
621 3261 752 3324 constat,
781 3262 821 3323 et,
851 3263 886 3312 ut
909 3251 977 3331 ipsa
1000 3250 1158 3331 elegantia
1182 3251 1357 3314 litterarum
1381 3255 1503 3326 suadet,

229 3368 282 3426 pro
304 3348 563 3412 coronationibus
579 3370 658 3411 saec.
677 3350 739 3411 XV
763 3363 810 3412 est
826 3350 1004 3423 adhibitus;
1030 3350 1062 3411 id
1086 3352 1292 3412 confirmatur
1315 3352 1504 3416 testimoniis

228 3457 399 3510 nostratum
423 3447 591 3530 (Meropia,
614 3437 760 3510 Hz'stoiz'o
783 3450 820 3509 di
833 3451 967 3522 Milano,
993 3451 1013 3510 l.
1031 3450 1057 3520 I,
1076 3469 1099 3510 e.
1119 3451 1191 3510 XX
1199 3450 1232 3523 V,
1257 3461 1289 3512 et
1318 3451 1418 3524 Corio,
1443 3455 1505 3514 Hi·

227 3549 319 3606 storia
345 3547 383 3608 di
406 3548 540 3620 Milano,
558 3554 634 3627 par.
676 3549 705 3607 V
722 3549 768 3608 ad
786 3569 839 3612 on.
863 3547 957 3630 1431)
973 3547 1028 3626 qui
1054 3547 1133 3608 ritus
1155 3548 1251 3627 hujus
1274 3549 1504 3613 benedictionis

227 3643 405 3708 summatim
429 3645 470 3706 ad
494 3664 637 3707 normam
654 3645 750 3708 huius
773 3645 895 3708 ordinis
911 3646 1101 3708 retulerunt:
1127 3646 1225 3708 babes
1249 3647 1281 3709 in
1305 3648 1365 3709 hoc
1390 3649 1420 3710 II
1445 3651 1504 3711 Or·

227 3741 298 3804 dine
324 3754 427 3805 totum
455 3743 606 3815 codicem,
631 3743 685 3824 qui
711 3743 821 3823 incipit
843 3765 862 3806 a
885 3744 1005 3806 verbis:
1029 3747 1120 3834 Dum
1147 3748 1407 3811 serenissimus...
1436 3750 1504 3810 Nec

226 3839 309 3903 solus
337 3841 391 3904 ille
418 3843 518 3905 codex
547 3842 687 3905 continet
710 3841 795 3904 huuc
817 3842 980 3905 ordinem:
1010 3841 1094 3904 idem
1122 3844 1206 3904 Ordo
1227 3845 1274 3905 ad
1292 3848 1503 3910 coronandum

226 3941 352 4018 Regem,
377 3940 494 4003 omissa
516 3941 720 4003 coronatione
744 3940 896 4021 Reginae,
921 3940 1048 4021 legitur,
1066 3961 1126 4004 ma.
1151 3953 1266 4020 poster.
1289 3955 1444 4018 exaratus,
1470 3946 1502 4008 in

226 4037 306 4101 calce
328 4038 459 4102 alterius
481 4039 600 4102 codicis
623 4060 703 4105 saec.
728 4040 800 4112 XV;
824 4038 924 4102 codex
947 4051 995 4102 est
1018 4039 1140 4102 celebre
1165 4040 1294 4103 Missale
1317 4065 1336 4103 a
1356 4043 1502 4123 Johanne

226 4135 368 4200 Galeatio
384 4137 589 4211 Vicecomite,
608 4137 755 4200 basilicae
770 4138 989 4200 ambrosianae
1011 4139 1098 4200 dono
1121 4137 1241 4212 datum,
1258 4141 1358 4220 vulgo
1381 4141 1501 4204 dictum

226 4235 360 4298 Messole
382 4237 700 4309 dell’incoronoeione‚
727 4235 939 4317 pulcherrime
962 4237 1141 4316 depictum;
1165 4258 1281 4299 nomen
1306 4239 1434 4302 artificis
1458 4262 1503 4303 re-

226 4333 344 4412 peritur
368 4335 420 4396 sol.
446 4335 600 4406 CXLVl',
627 4355 755 4414 nempe:
780 4337 850 4396 Hoc
880 4337 917 4396 de
939 4337 1097 4397 Imbonate
1112 4343 1191 4416 opus
1212 4336 1296 4416 secit
1323 4341 1503 4409 Anovelus:

226 4431 276 4494 sol.
301 4433 418 4495 CCXC
438 4434 569 4515 legitur:
586 4435 761 4514 Explemm
776 4455 860 4495 anno
875 4435 1012 4496 Domini
1032 4435 1074 4495 M
1078 4435 1107 4496 C
1112 4436 1141 4496 C
1145 4435 1174 4496 C
1172 4436 1242 4496 LX
1240 4437 1277 4496 X
1295 4437 1364 4514 (sed
1381 4435 1503 4500 litterae

226 4533 331 4606 LXX,
359 4552 376 4594 2
406 4553 466 4594 ma.
491 4533 660 4614 inscriptae
682 4544 757 4594 sunt
780 4532 811 4594 in
835 4553 953 4606 rasura,
979 4531 1023 4594 ita
1045 4543 1150 4594 tamen
1175 4544 1210 4594 ut
1233 4534 1292 4596 sub
1316 4534 1361 4596 lit.
1390 4537 1420 4597 L
1451 4557 1503 4616 ap

226 4641 331 4708 parcat
360 4631 396 4700 C,
418 4653 444 4694 1.
462 4651 534 4704 ma,
553 4632 638 4694 unde
661 4641 784 4694 constat
807 4641 894 4693 aetas
910 4651 967 4693 ms,
992 4630 1156 4704 recentior,
1181 4633 1237 4693 sed
1261 4653 1324 4694 nou
1349 4634 1504 4712 posterior

224 4747 306 4790 anno
324 4729 514 4802 MCCCCII,
538 4750 603 4811 quo
624 4731 761 4810 Joannes
784 4729 948 4792 Galeatius
963 4729 1056 4791 morti
1081 4729 1243 4808 occubuit)
1259 4732 1407 4794 XXIIII
1424 4737 1506 4794 maii

220 4833 282 4904 per
303 4829 523 4908 presbyterum
553 4831 683 4891 Folium
714 4829 751 4890 de
787 4829 941 4890 Costoldzs
971 4828 1178 4908 benefitiblem
1209 4831 1351 4891 ecelesiae
1380 4838 1504 4893 sanctae

225 4925 389 5002 Enfimioe
405 4934 517 5008 portae
539 4929 703 4990 Romanae
725 4928 911 4988 Mediolani.
938 4926 1105 4988 Lectiones
1127 4926 1231 4989 varias
1254 4925 1350 4990 huius
1373 4929 1502 4992 alterius

226 5023 340 5086 codicis
357 5025 488 5086 reseram
507 5025 538 5087 in
555 5025 640 5088 calce
663 5025 837 5105 praesentis
859 5024 1017 5092 editionis.
1035 5046 1106 5086 cum
1132 5036 1225 5088 nota:
1250 5027 1341 5089 Miss.
1379 5029 1441 5090 Vir.
1460 5066 1500 5074 —

225 5120 276 5183 cfr.
302 5124 454 5198 Martene,
484 5125 562 5187 Ord.
587 5125 626 5196 V,
651 5125 692 5186 ad
716 5124 828 5186 bened.
855 5124 1080 5203 Imperatorem
1106 5123 1137 5184 in
1163 5124 1246 5186 Eccl.
1273 5125 1402 5188 Mediol.

1370 5287 1393 5323 16
