4078 6126
476 551 524 601 142
952 535 1078 590 INDEX
1102 537 1246 592 RERUM

535 785 597 847 alia
620 785 782 848 coronatio
808 783 982 847 Mediolani
1007 783 1056 846 vel

535 883 716 946 Modoetiae
739 886 781 946 ab
804 883 1056 964 Arcbiepiscopo

535 1005 564 1064 p.
591 981 681 1056 ba*
704 1006 734 1065 p.
763 1005 834 1047 111.

468 1084 640 1147 Coronatio
653 1084 852 1164 imperatoris
865 1083 992 1163 triplex:
1007 1105 1055 1146 co-

533 1183 708 1245 ronationis
739 1182 984 1245 mediolanensis
1010 1185 1056 1245 di-

533 1280 614 1343 versi
636 1281 774 1343 Ordines
790 1302 820 1361 p.
838 1299 887 1343 111
910 1294 942 1344 et
965 1302 1051 1362 seqq.

468 1381 659 1443 Dalmatica:
684 1383 727 1461 (v.
751 1383 857 1460 Alba).

467 1481 601 1543 Diaconi
625 1481 657 1543 in
681 1481 778 1543 choro
801 1503 820 1542 a
843 1481 963 1544 dextris
989 1482 1052 1560 epi·

530 1580 617 1659 scopi
623 1579 839 1652 considebant,
847 1580 934 1660 quod
946 1580 1052 1642 adhuc

530 1679 561 1739 in
580 1678 826 1759 Metropolitana
838 1678 1048 1740 mediolanen.

529 1791 673 1840 servatur
696 1799 726 1858 p.
752 1800 804 1857 44.
830 1801 860 1841 11.
888 1799 928 1857 24
952 1775 1002 1840 **.

462 1877 552 1938 Deus
575 1880 609 1938 in
637 1878 840 1950 aldintonam,
865 1877 956 1940 initio
984 1898 1049 1940 om·

528 1977 617 2038 nium
643 1979 803 2040 Horarum
833 1997 905 2038 cum
936 1977 1048 2038 olona

527 2087 558 2138 et
580 2079 724 2156 Alleluja
748 2097 777 2156 p.
805 2097 833 2154 3,
859 2097 889 2138 n.
915 2099 944 2155 4.

463 2175 677 2255 Energumeni
694 2176 889 2238 exorcismus
905 2177 986 2239 inter
1009 2177 1047 2239 ri-

527 2286 579 2336 tus
591 2273 785 2354 episcopales
797 2296 816 2336 a
828 2275 861 2341 S.
876 2276 1047 2339 Ambrosio

526 2383 794 2435 commemoratus
810 2395 840 2454 p.
867 2380 918 2447 68,
944 2396 974 2438 11.
1001 2372 1030 2438 *.

463 2471 639 2551 Episcopus
667 2470 793 2542 electus,
819 2472 875 2533 sed
904 2473 1045 2534 nondum

525 2571 734 2632 consecratus,
760 2560 791 2622 in
821 2561 891 2623 loco
919 2563 960 2623 ab
984 2563 1046 2642 epi-

525 2658 630 2738 scopis
644 2658 795 2721 distincto
807 2659 938 2721 sedebat
956 2697 995 2707 -
1013 2661 1045 2723 in

525 2757 664 2837 episcopi
693 2756 846 2820 electione
874 2758 1046 2839 postulatio

524 2853 890 2942 populijdistinguenda
920 2881 940 2921 a
970 2858 1044 2922 cleri

524 2954 678 3018 electione
698 2976 727 3035 p.
746 2977 798 3034 49,
816 2968 847 3019 et
869 2978 935 3039 seg.
954 2979 985 3024 n.
1003 2965 1043 3036 38

524 3052 794 3134 -episcoporum
804 3058 998 3120 consecratio
1012 3057 1044 3119 in

522 3149 654 3212 ecclesia
673 3152 784 3232 majori
804 3153 977 3216 Mediolani
1002 3192 1042 3202 —

522 3249 743 3331 suffraganeus
770 3251 889 3314 electus
920 3252 1045 3316 iurabat

523 3347 707 3411 fidelitatem
739 3349 989 3431 Arcbiepiscopo
1012 3364 1044 3414 et

522 3447 671 3528 Capitulo
689 3449 945 3530 Metropolitano,
963 3453 1041 3515 ibid.

454 3546 652 3627 Gregoriana
675 3549 870 3622 reformatio;
895 3550 927 3611 in
947 3550 1043 3614 eccle·

521 3643 568 3706 sia
591 3646 804 3710 Mediolanen.
823 3669 886 3710 non
908 3649 1039 3724 invecta,

520 3753 552 3804 et
574 3764 672 3823 quare
695 3766 726 3825 p.
751 3746 831 3808 XIX
853 3757 885 3808 et
907 3769 972 3829 seq.

458 3845 570 3905 Glon‘a
594 3846 628 3905 in
652 3847 783 3906 excelsas
804 3845 880 3908 olim
909 3847 941 3909 in
967 3848 1040 3910 Mis·

519 3963 553 4004 sa
584 3943 756 4022 pontificali
781 3965 843 4007 non
867 3947 1040 4010 canebatur

519 4061 550 4120 1>-
576 4062 628 4119 492
653 4063 684 4108 n.
708 4048 761 4122 ³⁶·

454 4139 657 4220 Imperatoris
679 4143 856 4205 coronatio:
882 4141 924 4230 (v.
947 4145 1038 4206 Coro-

518 4245 626 4322 natio).

453 4340 714 4404 Indumentorum
737 4342 866 4405 traditio
889 4343 922 4404 in
946 4343 1038 4405 colla·

517 4440 603 4503 tione
625 4462 786 4504 sacrorum
809 4443 967 4505 Ordinum
993 4464 1037 4505 re-

516 4559 590 4602 cens
613 4561 643 4620 p.
668 4561 721 4618 40,
746 4562 776 4602 11.
806 4562 855 4620 17.

451 4637 652 4702 Infirmorum
668 4642 773 4704 oleum
790 4643 877 4704 omni
894 4657 1035 4725 tempore

515 4759 533 4799 a
557 4739 750 4819 presbyteris
775 4740 852 4803 olim
876 4763 1036 4806 consecra·

515 4837 609 4900 batur
620 4857 672 4918 pp.
688 4858 739 4917 95,
758 4859 828 4912 102,
843 4860 873 4903 n.
892 4861 1032 4919 103109,
1086 4810 1088 4857 Ι

519 4958 589 5012 110,
614 4959 645 5004 n.
671 4959 700 5017 3.
725 4943 768 5019 (v.
799 4941 898 5020 Olea).

449 5037 616 5099 Lectorum
645 5038 757 5100 electio
788 5059 818 5118 p.
852 5059 903 5117 34,
935 5061 965 5102 11.
996 5061 1033 5114 1;

514 5157 544 5217 Ρ·
571 5157 622 5216 35·
645 5159 675 5199 ¹¹·
703 5157 732 5216 5·

1093 3387 1098 3604 l

1086 4878 1088 4897 1

1085 4904 1088 4937 Ι

1169 784 1369 848 Linteamina
1390 785 1499 848 altaris
1515 784 1590 848 olim
1610 804 1674 846 non
1698 785 1756 846 dil-

1233 882 1375 947 serebant
1391 883 1639 964 acorporalibus
1655 904 1685 963 p.
1705 905 1753 962 14,

1233 1003 1264 1048 n.
1290 1002 1342 1059 32·

1166 1081 1382 1163 Manipulum;
1407 1079 1450 1150 (v.
1475 1084 1685 1163 Indumenta).

1165 1179 1314 1242 Manuale
1336 1181 1574 1243 ambrosianum
1596 1201 1676 1244 saec.
1693 1183 1751 1254 Xl,

1229 1277 1752 1351 mutilum,inBibliothecaSoles·

1228 1400 1310 1441 men.
1321 1381 1381 1445 ΡΡ.
1395 1380 1429 1444 S.
1444 1379 1603 1443 Benedict.
1616 1401 1645 1459 p.
1654 1400 1706 1458 31,
1720 1401 1749 1442 n.

1162 1477 1317 1539 Manuum
1331 1477 1492 1558 impositio
1507 1477 1538 1539 in
1551 1478 1751 1541 ordinatione

1227 1580 1484 1658 presbyterorum
1517 1579 1598 1642 sacta
1627 1601 1646 1642 a
1673 1579 1751 1642 solis

1227 1675 1418 1750 Ordinariis‚
1444 1689 1476 1739 et
1505 1675 1681 1757 aliquando
1708 1677 1750 1739 de

1225 1797 1334 1839 eorum
1359 1798 1514 1840 consensu
1530 1799 1549 1839 a
1566 1777 1749 1840 Primicerio

1225 1876 1300 1938 cleri
1318 1899 1348 1957 p.
1374 1897 1426 1956 45,
1452 1897 1482 1938 n.
1510 1895 1560 1955 27.

1160 1973 1297 2036 Ministri
1325 1975 1404 2038 sacri
1433 1974 1509 2036 olim
1539 1974 1647 2046 lector,
1677 1976 1750 2036 sub·

1224 2071 1379 2134 diaconus
1399 2083 1431 2134 et
1454 2073 1608 2134 diaconus
1624 2082 1746 2133 tantum

1224 2191 1255 2250 p.
1281 2192 1333 2249 41,
1358 2193 1389 2233 n.
1417 2191 1452 2232 21
1481 2167 1531 2232 **.

1158 2271 1339 2335 Modoetiae
1362 2271 1618 2351 archipresbyter
1640 2284 1747 2334 tonsu·

1223 2393 1290 2433 ram
1306 2372 1488 2434 conserebat
1500 2391 1531 2451 p.
1548 2378 1588 2433 28
1602 2407 1643 2418 -
1657 2391 1745 2434 coro·

1224 2469 1310 2532 natio
1330 2469 1557 2532 modoetiensis
1577 2491 1607 2550 p.
1627 2491 1698 2533 111.

1157 2569 1317 2648 Nuptialis
1329 2568 1509 2631 benedictio
1521 2570 1561 2630 ab
1575 2568 1666 2631 initio
1678 2568 1745 2632 sola

1222 2667 1340 2730 Missae
1377 2667 1590 2730 celebratione
1624 2681 1744 2732 consta·
1798 2736 1801 2749 ¹

1143 2799 1148 2806 ·
1222 2767 1289 2828 bat:
1313 2804 1353 2814 -
1378 2767 1410 2828 in
1438 2766 1653 2829 Ambrosiano
1680 2768 1743 2831 ritu

1221 2866 1338 2929 deinde
1348 2866 1479 2928 accessit
1487 2866 1744 2947 benedictiopost

1223 2965 1364 3037 Missam,
1386 2987 1405 3026 a
1430 2965 1575 3027 Romano
1599 2977 1743 3028 mutuata

1221 3084 1251 3143 p.
1279 3069 1330 3142 65,
1356 3085 1385 3126 n.
1417 3085 1442 3125 1.

1153 3160 1233 3223 Olea
1249 3183 1351 3225 sacra:
1369 3199 1410 3208 -
1424 3182 1533 3224 eorum
1547 3164 1741 3226 consecratio

1218 3260 1345 3323 diversa
1368 3260 1400 3321 in
1424 3259 1557 3323 ecclesia
1585 3261 1742 3323 Mediola-

1219 3380 1307 3426 nen.:
1324 3380 1376 3440 pp.
1393 3379 1444 3437 93,
1460 3379 1511 3439 97,
1530 3380 1590 3437 104
1605 3395 1645 3406 -
1660 3361 1740 3423 ratio

1218 3458 1314 3520 huius
1347 3457 1541 3520 diversitatis
1575 3480 1605 3539 p.
1632 3479 1672 3537 95
1708 3471 1740 3520 et

1217 3577 1281 3636 seq.
1297 3593 1338 3603 —-
1352 3557 1422 3620 olea
1438 3558 1651 3620 consecranda
1667 3557 1739 3620 offe-

1216 3658 1367 3720 rebantur
1379 3680 1397 3721 a
1410 3658 1604 3739 presbyteris
1616 3680 1648 3739 p.
1666 3679 1736 3736 104,

1216 3778 1245 3817 n.
1276 3779 1350 3818 1-
1373 3757 1550 3837 presbyteri
1575 3757 1738 3820 benedice-

1216 3855 1292 3917 bant
1329 3857 1400 3919 olea
1437 3857 1735 3919 catechumenorum

1214 3965 1245 4015 et
1269 3954 1478 4028 infirmorum,
1496 3976 1526 4035 p.
1545 3975 1587 4033 94
1604 3965 1636 4016 et
1657 3975 1733 4035 seq„

1214 4077 1244 4136 p.
1275 4075 1345 4134 109,
1371 4078 1400 4118 n.
1430 4077 1442 4118 1
1471 4093 1514 4106 -
1538 4055 1614 4118 sede
1636 4055 1736 4119 archi·

1213 4154 1384 4235 episcopali
1423 4165 1555 4216 vacante
1593 4155 1634 4216 ab
1672 4153 1735 4234 epi·

1213 4273 1311 4333 scopo
1322 4252 1525 4334 suffraganeo
1540 4252 1735 4332 accipieban-

1212 4362 1264 4413 tur
1287 4372 1318 4431 p.
1345 4356 1386 4428 96
1403 4387 1444 4397 -
1461 4349 1631 4413 distributa
1653 4349 1734 4411 inter

1212 4448 1364 4528 plebanos
1386 4470 1416 4529 p.
1447 4455 1518 4519 108,
1543 4469 1573 4509 n.
1603 4468 1651 4510 12.

1145 4551 1271 4613 Oratio:
1296 4553 1340 4630 (v.
1365 4552 1564 4629 Benedictio).

1145 4650 1308 4712 Ordinarii
1334 4649 1493 4712 Ecclesiae
1518 4649 1734 4712 Mediolanen-

1210 4749 1254 4810 sis
1287 4747 1463 4810 clericalem
1498 4757 1661 4809 tonsuram
1694 4768 1732 4808 ex

1211 4845 1361 4908 mandato
1374 4843 1513 4925 Capituli
1528 4844 1732 4907 conserebant

1210 4965 1239 5024 p.
1267 4963 1317 5021 30,
1342 4955 1407 5006 not.
1426 4979 1467 4989 -
1489 4962 1529 5004 ex
1552 4941 1729 5024 privilegio,

1210 5041 1235 5102 si
1256 5041 1297 5103 ad
1321 5041 1584 5103 subdiaconatum
1601 5039 1651 5102 vel
1667 5039 1732 5103 dia·

1208 5151 1357 5204 conatum
1386 5140 1536 5222 promoti,
1561 5141 1731 5204 utebantur
