<?xml version="1.0" encoding="UTF-8"?>
<!DOCTYPE html PUBLIC "-//W3C//DTD XHTML 1.0 Transitional//EN"
    "http://www.w3.org/TR/xhtml1/DTD/xhtml1-transitional.dtd">
<html xmlns="http://www.w3.org/1999/xhtml" xml:lang="en" lang="en">
 <head>
  <title>
</title>
<meta http-equiv="Content-Type" content="text/html;charset=utf-8" />
  <meta name='ocr-system' content='tesseract 3.04.00' />
  <meta name='ocr-capabilities' content='ocr_page ocr_carea ocr_par ocr_line ocrx_word'/>
</head>
<body>
  <div class='ocr_page' id='page_1' title='image "./pontificaleinus00churgoog_0114.png"; bbox 0 0 4078 6126; ppageno 0'>
   <div class='ocr_carea' id='block_1_1' title="bbox 431 451 1584 518">
    <p class='ocr_par' dir='ltr' id='par_1_1' title="bbox 431 451 1584 518">
     <span class='ocr_line' id='line_1_1' title="bbox 431 451 1584 518; baseline -0.003 -10"><span class='ocrx_word' id='word_1_1' title='bbox 431 456 550 509; x_wconf 77' lang='lat' dir='ltr'><strong>ORAT.</strong></span> <span class='ocrx_word' id='word_1_2' title='bbox 571 455 699 509; x_wconf 80' lang='lat' dir='ltr'>SUPER</span> <span class='ocrx_word' id='word_1_3' title='bbox 719 452 865 506; x_wconf 80' lang='grc' dir='ltr'><strong>ΗΟΜΙΝ.</strong></span> <span class='ocrx_word' id='word_1_4' title='bbox 887 452 958 518; x_wconf 81' lang='lat' dir='ltr'>QUI</span> <span class='ocrx_word' id='word_1_5' title='bbox 980 452 1006 504; x_wconf 85' lang='grc' dir='ltr'>Α</span> <span class='ocrx_word' id='word_1_6' title='bbox 1028 451 1241 504; x_wconf 78' lang='lat' dir='ltr'>DAEMONIO</span> <span class='ocrx_word' id='word_1_7' title='bbox 1263 453 1455 506; x_wconf 71' lang='lat' dir='ltr'>t&#39;ssant&#39;R</span> <span class='ocrx_word' id='word_1_8' title='bbox 1550 455 1584 516; x_wconf 90' lang='lat'>69</span> 
     </span>
    </p>
   </div>
   <div class='ocr_carea' id='block_1_2' title="bbox 309 696 1653 4178">
    <p class='ocr_par' dir='ltr' id='par_1_2' title="bbox 309 696 1584 899">
     <span class='ocr_line' id='line_1_2' title="bbox 310 696 1584 795; baseline -0.002 -22"><span class='ocrx_word' id='word_1_9' title='bbox 310 699 460 775; x_wconf 83' lang='lat' dir='ltr'>Domini</span> <span class='ocrx_word' id='word_1_10' title='bbox 490 699 614 784; x_wconf 83' lang='lat' dir='ltr'>nostri,</span> <span class='ocrx_word' id='word_1_11' title='bbox 637 699 803 795; x_wconf 91' lang='lat' dir='ltr'>quicum</span> <span class='ocrx_word' id='word_1_12' title='bbox 826 698 932 771; x_wconf 89' lang='lat' dir='ltr'>Patre</span> <span class='ocrx_word' id='word_1_13' title='bbox 952 713 990 770; x_wconf 91' lang='lat' dir='ltr'>et</span> <span class='ocrx_word' id='word_1_14' title='bbox 1010 696 1148 793; x_wconf 86' lang='lat' dir='ltr'>Spiritu</span> <span class='ocrx_word' id='word_1_15' title='bbox 1178 715 1306 771; x_wconf 89' lang='lat' dir='ltr'>sancto</span> <span class='ocrx_word' id='word_1_16' title='bbox 1326 698 1414 770; x_wconf 93' lang='lat' dir='ltr'>vivit</span> <span class='ocrx_word' id='word_1_17' title='bbox 1441 697 1476 770; x_wconf 92' lang='lat' dir='ltr'>in</span> <span class='ocrx_word' id='word_1_18' title='bbox 1507 722 1584 770; x_wconf 88' lang='lat' dir='ltr'>sae-</span> 
     </span>
     <span class='ocr_line' id='line_1_3' title="bbox 309 823 822 899; baseline -0.004 -1"><span class='ocrx_word' id='word_1_19' title='bbox 309 824 388 898; x_wconf 89' lang='lat' dir='ltr'>cula</span> <span class='ocrx_word' id='word_1_20' title='bbox 416 823 657 899; x_wconf 88' lang='lat' dir='ltr'>saeculorum.</span> <span class='ocrx_word' id='word_1_21' title='bbox 688 824 822 897; x_wconf 81' lang='lat' dir='ltr'>Amen.</span> 
     </span>
    </p>

    <p class='ocr_par' dir='ltr' id='par_1_3' title="bbox 309 947 1649 2934">
     <span class='ocr_line' id='line_1_4' title="bbox 416 947 1581 1046; baseline -0.002 -24"><span class='ocrx_word' id='word_1_22' title='bbox 416 975 449 1024; x_wconf 84' lang='lat'>2.</span> <span class='ocrx_word' id='word_1_23' title='bbox 482 951 592 1022; x_wconf 65' lang='lat' dir='ltr'>Alia:</span> <span class='ocrx_word' id='word_1_24' title='bbox 622 951 727 1023; x_wconf 90' lang='lat' dir='ltr'>Deus</span> <span class='ocrx_word' id='word_1_25' title='bbox 754 949 923 1022; x_wconf 91' lang='lat' dir='ltr'>conditor</span> <span class='ocrx_word' id='word_1_26' title='bbox 955 966 994 1023; x_wconf 90' lang='lat' dir='ltr'>et</span> <span class='ocrx_word' id='word_1_27' title='bbox 1029 949 1205 1023; x_wconf 80' lang='lat' dir='ltr'>defensor</span> <span class='ocrx_word' id='word_1_28' title='bbox 1231 949 1380 1046; x_wconf 83' lang='lat' dir='ltr'>generis</span> <span class='ocrx_word' id='word_1_29' title='bbox 1415 947 1581 1032; x_wconf 91' lang='lat' dir='ltr'>humani,</span> 
     </span>
     <span class='ocr_line' id='line_1_5' title="bbox 309 1074 1585 1174; baseline -0.002 -25"><span class='ocrx_word' id='word_1_30' title='bbox 309 1077 370 1174; x_wconf 93' lang='lat' dir='ltr'>qui</span> <span class='ocrx_word' id='word_1_31' title='bbox 399 1077 586 1149; x_wconf 90' lang='lat' dir='ltr'>hominem</span> <span class='ocrx_word' id='word_1_32' title='bbox 615 1075 662 1149; x_wconf 91' lang='lat' dir='ltr'>ad</span> <span class='ocrx_word' id='word_1_33' title='bbox 692 1075 892 1173; x_wconf 83' lang='lat' dir='ltr'>imaginem</span> <span class='ocrx_word' id='word_1_34' title='bbox 921 1092 958 1149; x_wconf 87' lang='lat' dir='ltr'>et</span> <span class='ocrx_word' id='word_1_35' title='bbox 981 1075 1255 1150; x_wconf 90' lang='lat' dir='ltr'>similitudinem</span> <span class='ocrx_word' id='word_1_36' title='bbox 1285 1091 1385 1148; x_wconf 90' lang='lat' dir='ltr'>tuam</span> <span class='ocrx_word' id='word_1_37' title='bbox 1415 1074 1585 1147; x_wconf 88' lang='lat' dir='ltr'>manibus</span> 
     </span>
     <span class='ocr_line' id='line_1_6' title="bbox 310 1200 1646 1298; baseline -0.004 -22"><span class='ocrx_word' id='word_1_38' title='bbox 310 1203 380 1276; x_wconf 90' lang='lat' dir='ltr'>tuis</span> <span class='ocrx_word' id='word_1_39' title='bbox 408 1203 543 1276; x_wconf 90' lang='lat' dir='ltr'>sanctis</span> <span class='ocrx_word' id='word_1_40' title='bbox 573 1219 610 1276; x_wconf 88' lang='lat' dir='ltr'>et</span> <span class='ocrx_word' id='word_1_41' title='bbox 638 1202 786 1298; x_wconf 91' lang='lat' dir='ltr'>proprio</span> <span class='ocrx_word' id='word_1_42' title='bbox 815 1220 900 1276; x_wconf 88' lang='lat' dir='ltr'>tuae</span> <span class='ocrx_word' id='word_1_43' title='bbox 929 1203 1128 1276; x_wconf 86' lang='lat' dir='ltr'>divinitatis</span> <span class='ocrx_word' id='word_1_44' title='bbox 1151 1227 1214 1276; x_wconf 91' lang='lat' dir='ltr'>ore</span> <span class='ocrx_word' id='word_1_45' title='bbox 1235 1200 1415 1286; x_wconf 77' lang='lat' dir='ltr'>formasti3</span> <span class='ocrx_word' id='word_1_46' title='bbox 1445 1200 1585 1296; x_wconf 83' lang='lat' dir='ltr'>respice</span> <span class='ocrx_word' id='word_1_47' title='bbox 1632 1233 1646 1280; x_wconf 77' lang='lat'><strong>⁵</strong></span> 
     </span>
     <span class='ocr_line' id='line_1_7' title="bbox 311 1323 1585 1426; baseline -0.003 -26"><span class='ocrx_word' id='word_1_48' title='bbox 311 1354 420 1424; x_wconf 90' lang='lat' dir='ltr'>super</span> <span class='ocrx_word' id='word_1_49' title='bbox 447 1327 544 1400; x_wconf 89' lang='lat' dir='ltr'>hunc</span> <span class='ocrx_word' id='word_1_50' title='bbox 573 1326 748 1400; x_wconf 78' lang='lat' dir='ltr'>famulum</span> <span class='ocrx_word' id='word_1_51' title='bbox 779 1343 892 1413; x_wconf 91' lang='lat' dir='ltr'>tuum,</span> <span class='ocrx_word' id='word_1_52' title='bbox 924 1328 986 1426; x_wconf 92' lang='lat' dir='ltr'>qui</span> <span class='ocrx_word' id='word_1_53' title='bbox 1010 1327 1104 1400; x_wconf 89' lang='lat' dir='ltr'>dolis</span> <span class='ocrx_word' id='word_1_54' title='bbox 1134 1326 1291 1400; x_wconf 87' lang='lat' dir='ltr'>invidiae</span> <span class='ocrx_word' id='word_1_55' title='bbox 1315 1325 1496 1422; x_wconf 88' lang='lat' dir='ltr'>serpentis</span> <span class='ocrx_word' id='word_1_56' title='bbox 1524 1323 1585 1397; x_wconf 85' lang='lat' dir='ltr'>atl-</span> 
     </span>
     <span class='ocr_line' id='line_1_8' title="bbox 312 1449 1585 1550; baseline -0.005 -24"><span class='ocrx_word' id='word_1_57' title='bbox 312 1454 461 1548; x_wconf 82' lang='lat' dir='ltr'>petitur:</span> <span class='ocrx_word' id='word_1_58' title='bbox 485 1479 596 1550; x_wconf 84' lang='lat' dir='ltr'>qucm</span> <span class='ocrx_word' id='word_1_59' title='bbox 616 1468 721 1524; x_wconf 87' lang='lat' dir='ltr'>vctus</span> <span class='ocrx_word' id='word_1_60' title='bbox 741 1452 970 1526; x_wconf 81' lang='lat' dir='ltr'>adversarius</span> <span class='ocrx_word' id='word_1_61' title='bbox 990 1469 1027 1524; x_wconf 86' lang='lat' dir='ltr'>et</span> <span class='ocrx_word' id='word_1_62' title='bbox 1055 1452 1170 1526; x_wconf 79' lang='lat' dir='ltr'>lrosris</span> <span class='ocrx_word' id='word_1_63' title='bbox 1200 1453 1373 1546; x_wconf 79' lang='lat' dir='ltr'>antiquus</span> <span class='ocrx_word' id='word_1_64' title='bbox 1393 1467 1493 1522; x_wconf 86' lang='lat' dir='ltr'>atrae</span> <span class='ocrx_word' id='word_1_65' title='bbox 1518 1449 1585 1520; x_wconf 85' lang='lat' dir='ltr'>lor-</span> 
     </span>
     <span class='ocr_line' id='line_1_9' title="bbox 312 1578 1585 1654; baseline -0.003 -4"><span class='ocrx_word' id='word_1_66' title='bbox 312 1579 454 1650; x_wconf 86' lang='lat' dir='ltr'>midinis</span> <span class='ocrx_word' id='word_1_67' title='bbox 497 1605 618 1651; x_wconf 87' lang='lat' dir='ltr'>errore</span> <span class='ocrx_word' id='word_1_68' title='bbox 660 1579 912 1654; x_wconf 83' lang='lat' dir='ltr'>circumvolat.</span> <span class='ocrx_word' id='word_1_69' title='bbox 956 1600 991 1652; x_wconf 85' lang='lat' dir='ltr'>ct</span> <span class='ocrx_word' id='word_1_70' title='bbox 1035 1605 1182 1650; x_wconf 82' lang='lat' dir='ltr'>sensum</span> <span class='ocrx_word' id='word_1_71' title='bbox 1228 1579 1360 1649; x_wconf 83' lang='lat' dir='ltr'>mentis</span> <span class='ocrx_word' id='word_1_72' title='bbox 1403 1578 1585 1647; x_wconf 80' lang='lat' dir='ltr'>luuuauac</span> 
     </span>
     <span class='ocr_line' id='line_1_10' title="bbox 312 1703 1585 1801; baseline -0.004 -24"><span class='ocrx_word' id='word_1_73' title='bbox 312 1729 458 1801; x_wconf 83' lang='lat' dir='ltr'>stupore</span> <span class='ocrx_word' id='word_1_74' title='bbox 489 1707 648 1800; x_wconf 70' lang='lat' dir='ltr'>defugit,</span> <span class='ocrx_word' id='word_1_75' title='bbox 681 1727 816 1778; x_wconf 86' lang='lat' dir='ltr'>terrore</span> <span class='ocrx_word' id='word_1_76' title='bbox 846 1709 1055 1790; x_wconf 78' lang='lat' dir='ltr'>conturbat,</span> <span class='ocrx_word' id='word_1_77' title='bbox 1089 1727 1123 1778; x_wconf 83' lang='lat' dir='ltr'>ct</span> <span class='ocrx_word' id='word_1_78' title='bbox 1155 1727 1252 1777; x_wconf 74' lang='lat' dir='ltr'>metu</span> <span class='ocrx_word' id='word_1_79' title='bbox 1285 1704 1414 1798; x_wconf 75' lang='lat' dir='ltr'>trepidi</span> <span class='ocrx_word' id='word_1_80' title='bbox 1447 1703 1585 1774; x_wconf 65' lang='lat' dir='ltr'>timoris¹</span> 
     </span>
     <span class='ocr_line' id='line_1_11' title="bbox 310 1828 1649 1927; baseline -0.007 -25"><span class='ocrx_word' id='word_1_81' title='bbox 310 1833 482 1926; x_wconf 57' lang='lat' dir='ltr'>exagitat.</span> <span class='ocrx_word' id='word_1_82' title='bbox 518 1833 678 1927; x_wconf 73' lang='lat' dir='ltr'>Repello,</span> <span class='ocrx_word' id='word_1_83' title='bbox 710 1833 878 1914; x_wconf 86' lang='lat' dir='ltr'>Domine,</span> <span class='ocrx_word' id='word_1_84' title='bbox 904 1833 1074 1904; x_wconf 83' lang='lat' dir='ltr'>virtutem</span> <span class='ocrx_word' id='word_1_85' title='bbox 1095 1830 1242 1913; x_wconf 86' lang='lat' dir='ltr'>diaboli,</span> <span class='ocrx_word' id='word_1_86' title='bbox 1266 1829 1487 1924; x_wconf 79' lang='lat' dir='ltr'>lallacesque</span> <span class='ocrx_word' id='word_1_87' title='bbox 1507 1828 1586 1899; x_wconf 86' lang='lat' dir='ltr'>eius</span> <span class='ocrx_word' id='word_1_88' title='bbox 1619 1838 1649 1894; x_wconf 70' lang='lat' dir='ltr'>ro</span> 
     </span>
     <span class='ocr_line' id='line_1_12' title="bbox 312 1952 1586 2053; baseline -0.004 -25"><span class='ocrx_word' id='word_1_89' title='bbox 312 1956 476 2038; x_wconf 59' lang='lat' dir='ltr'>insidiam</span> <span class='ocrx_word' id='word_1_90' title='bbox 497 1955 621 2052; x_wconf 89' lang='lat' dir='ltr'>procul</span> <span class='ocrx_word' id='word_1_91' title='bbox 644 1957 777 2052; x_wconf 90' lang='lat' dir='ltr'>impius</span> <span class='ocrx_word' id='word_1_92' title='bbox 796 1973 995 2053; x_wconf 86' lang='lat' dir='ltr'>temptator</span> <span class='ocrx_word' id='word_1_93' title='bbox 1014 1957 1184 2052; x_wconf 77' lang='lat' dir='ltr'>effugiat:</span> <span class='ocrx_word' id='word_1_94' title='bbox 1216 1957 1262 2028; x_wconf 91' lang='lat' dir='ltr'>sit</span> <span class='ocrx_word' id='word_1_95' title='bbox 1290 1955 1325 2027; x_wconf 93' lang='lat' dir='ltr'>iu</span> <span class='ocrx_word' id='word_1_96' title='bbox 1356 1952 1515 2026; x_wconf 87' lang='lat' dir='ltr'>nominis</span> <span class='ocrx_word' id='word_1_97' title='bbox 1534 1953 1586 2024; x_wconf 91' lang='lat' dir='ltr'>tui</span> 
     </span>
     <span class='ocr_line' id='line_1_13' title="bbox 312 2079 1587 2178; baseline -0.002 -25"><span class='ocrx_word' id='word_1_98' title='bbox 312 2083 418 2176; x_wconf 69' lang='lat' dir='ltr'>signo</span> <span class='ocrx_word' id='word_1_99' title='bbox 449 2083 604 2155; x_wconf 76' lang='lat' dir='ltr'>santulus</span> <span class='ocrx_word' id='word_1_100' title='bbox 634 2099 719 2154; x_wconf 85' lang='lat' dir='ltr'>tuus</span> <span class='ocrx_word' id='word_1_101' title='bbox 747 2099 784 2156; x_wconf 86' lang='lat' dir='ltr'>ct</span> <span class='ocrx_word' id='word_1_102' title='bbox 811 2084 935 2155; x_wconf 90' lang='lat' dir='ltr'>auimo</span> <span class='ocrx_word' id='word_1_103' title='bbox 964 2099 1064 2156; x_wconf 87' lang='lat' dir='ltr'>tutus</span> <span class='ocrx_word' id='word_1_104' title='bbox 1085 2101 1122 2157; x_wconf 87' lang='lat' dir='ltr'>et</span> <span class='ocrx_word' id='word_1_105' title='bbox 1144 2107 1309 2178; x_wconf 90' lang='lat' dir='ltr'>corpore.</span> <span class='ocrx_word' id='word_1_106' title='bbox 1340 2080 1397 2152; x_wconf 79' lang='lat' dir='ltr'>&#39;l&#39;u</span> <span class='ocrx_word' id='word_1_107' title='bbox 1430 2079 1587 2177; x_wconf 85' lang='lat' dir='ltr'>pectoris</span> 
     </span>
     <span class='ocr_line' id='line_1_14' title="bbox 312 2204 1585 2305; baseline -0.002 -25"><span class='ocrx_word' id='word_1_108' title='bbox 312 2207 417 2280; x_wconf 90' lang='lat' dir='ltr'>huius</span> <span class='ocrx_word' id='word_1_109' title='bbox 438 2207 580 2280; x_wconf 88' lang='lat' dir='ltr'>interna</span> <span class='ocrx_word' id='word_1_110' title='bbox 599 2206 795 2292; x_wconf 83' lang='lat' dir='ltr'>custodias,</span> <span class='ocrx_word' id='word_1_111' title='bbox 818 2224 855 2280; x_wconf 93' lang='lat' dir='ltr'>tu</span> <span class='ocrx_word' id='word_1_112' title='bbox 876 2209 1015 2281; x_wconf 86' lang='lat' dir='ltr'>viscera</span> <span class='ocrx_word' id='word_1_113' title='bbox 1038 2233 1157 2305; x_wconf 75' lang='lat' dir='ltr'>regas</span> <span class='ocrx_word' id='word_1_114' title='bbox 1188 2225 1225 2280; x_wconf 94' lang='lat' dir='ltr'>tu</span> <span class='ocrx_word' id='word_1_115' title='bbox 1249 2207 1360 2279; x_wconf 90' lang='lat' dir='ltr'>corda</span> <span class='ocrx_word' id='word_1_116' title='bbox 1379 2204 1585 2278; x_wconf 84' lang='lat' dir='ltr'>confirmes.</span> 
     </span>
     <span class='ocr_line' id='line_1_15' title="bbox 314 2331 1588 2430; baseline -0.002 -25"><span class='ocrx_word' id='word_1_117' title='bbox 314 2335 352 2406; x_wconf 86' lang='lat' dir='ltr'>ln</span> <span class='ocrx_word' id='word_1_118' title='bbox 382 2333 505 2406; x_wconf 89' lang='lat' dir='ltr'>anima</span> <span class='ocrx_word' id='word_1_119' title='bbox 532 2332 728 2406; x_wconf 88' lang='lat' dir='ltr'>adversarii</span> <span class='ocrx_word' id='word_1_120' title='bbox 755 2334 948 2429; x_wconf 86' lang='lat' dir='ltr'>potestatis</span> <span class='ocrx_word' id='word_1_121' title='bbox 977 2349 1243 2430; x_wconf 87' lang='lat' dir='ltr'>temptamenta</span> <span class='ocrx_word' id='word_1_122' title='bbox 1269 2346 1501 2405; x_wconf 87' lang='lat' dir='ltr'>evanescant.</span> <span class='ocrx_word' id='word_1_123' title='bbox 1528 2331 1588 2403; x_wconf 88' lang='lat' dir='ltr'>Da</span> 
     </span>
     <span class='ocr_line' id='line_1_16' title="bbox 312 2455 1649 2557; baseline -0.001 -26"><span class='ocrx_word' id='word_1_124' title='bbox 312 2458 357 2531; x_wconf 80' lang='lat' dir='ltr'>acl</span> <span class='ocrx_word' id='word_1_125' title='bbox 385 2457 479 2531; x_wconf 91' lang='lat' dir='ltr'>hanc</span> <span class='ocrx_word' id='word_1_126' title='bbox 509 2458 775 2533; x_wconf 88' lang='lat' dir='ltr'>invocationem</span> <span class='ocrx_word' id='word_1_127' title='bbox 797 2460 955 2533; x_wconf 90' lang='lat' dir='ltr'>nominis</span> <span class='ocrx_word' id='word_1_128' title='bbox 974 2461 1025 2534; x_wconf 89' lang='lat' dir='ltr'>tui</span> <span class='ocrx_word' id='word_1_129' title='bbox 1046 2461 1214 2557; x_wconf 80' lang='lat' dir='ltr'>gratiam,</span> <span class='ocrx_word' id='word_1_130' title='bbox 1236 2473 1276 2531; x_wconf 90' lang='lat' dir='ltr'>ut</span> <span class='ocrx_word' id='word_1_131' title='bbox 1304 2457 1365 2554; x_wconf 92' lang='lat' dir='ltr'>qui</span> <span class='ocrx_word' id='word_1_132' title='bbox 1396 2455 1587 2552; x_wconf 89' lang='lat' dir='ltr'>hucusque</span> <span class='ocrx_word' id='word_1_133' title='bbox 1618 2482 1649 2530; x_wconf 71' lang='grc' dir='ltr'>τε</span> 
     </span>
     <span class='ocr_line' id='line_1_17' title="bbox 312 2582 1588 2679; baseline -0.002 -22"><span class='ocrx_word' id='word_1_134' title='bbox 312 2585 479 2670; x_wconf 88' lang='lat' dir='ltr'>terrebat,</span> <span class='ocrx_word' id='word_1_135' title='bbox 511 2586 656 2659; x_wconf 88' lang='lat' dir='ltr'>territus</span> <span class='ocrx_word' id='word_1_136' title='bbox 696 2586 816 2668; x_wconf 85' lang='lat' dir='ltr'>abeat,</span> <span class='ocrx_word' id='word_1_137' title='bbox 847 2603 884 2658; x_wconf 88' lang='lat' dir='ltr'>et</span> <span class='ocrx_word' id='word_1_138' title='bbox 913 2587 1029 2659; x_wconf 87' lang='lat' dir='ltr'>victus</span> <span class='ocrx_word' id='word_1_139' title='bbox 1071 2585 1265 2664; x_wconf 84' lang='lat' dir='ltr'>abscedat:</span> <span class='ocrx_word' id='word_1_140' title='bbox 1296 2584 1435 2679; x_wconf 85' lang='lat' dir='ltr'>tibique</span> <span class='ocrx_word' id='word_1_141' title='bbox 1470 2582 1588 2678; x_wconf 89' lang='lat' dir='ltr'>possit</span> 
     </span>
     <span class='ocr_line' id='line_1_18' title="bbox 312 2707 1587 2797; baseline 0 -17"><span class='ocrx_word' id='word_1_142' title='bbox 312 2709 368 2782; x_wconf 82' lang='lat' dir='ltr'>hie</span> <span class='ocrx_word' id='word_1_143' title='bbox 396 2709 562 2783; x_wconf 90' lang='lat' dir='ltr'>servulus</span> <span class='ocrx_word' id='word_1_144' title='bbox 591 2729 686 2797; x_wconf 90' lang='lat' dir='ltr'>tuus,</span> <span class='ocrx_word' id='word_1_145' title='bbox 717 2710 827 2784; x_wconf 89' lang='lat' dir='ltr'>corde</span> <span class='ocrx_word' id='word_1_146' title='bbox 856 2710 1000 2785; x_wconf 84' lang='lat' dir='ltr'>firmato</span> <span class='ocrx_word' id='word_1_147' title='bbox 1019 2728 1057 2785; x_wconf 89' lang='lat' dir='ltr'>et</span> <span class='ocrx_word' id='word_1_148' title='bbox 1085 2728 1209 2785; x_wconf 90' lang='lat' dir='ltr'>mente</span> <span class='ocrx_word' id='word_1_149' title='bbox 1239 2711 1390 2794; x_wconf 88' lang='lat' dir='ltr'>sincera,</span> <span class='ocrx_word' id='word_1_150' title='bbox 1422 2707 1587 2782; x_wconf 90' lang='lat' dir='ltr'>debitum</span> 
     </span>
     <span class='ocr_line' id='line_1_19' title="bbox 313 2835 853 2934; baseline 0.006 -26"><span class='ocrx_word' id='word_1_151' title='bbox 313 2837 488 2932; x_wconf 90' lang='lat' dir='ltr'>praebere</span> <span class='ocrx_word' id='word_1_152' title='bbox 518 2835 744 2922; x_wconf 79' lang='lat' dir='ltr'>famulatum,</span> <span class='ocrx_word' id='word_1_153' title='bbox 776 2863 853 2934; x_wconf 92' lang='lat' dir='ltr'>per.</span> 
     </span>
    </p>

    <p class='ocr_par' dir='ltr' id='par_1_4' title="bbox 312 2962 1653 4178">
     <span class='ocr_line' id='line_1_20' title="bbox 420 2962 1589 3060; baseline 0 -26"><span class='ocrx_word' id='word_1_154' title='bbox 420 2983 453 3052; x_wconf 82' lang='lat'>3.</span> <span class='ocrx_word' id='word_1_155' title='bbox 492 2962 604 3034; x_wconf 75' lang='lat' dir='ltr'>Alzlr:</span> <span class='ocrx_word' id='word_1_156' title='bbox 640 2963 801 3036; x_wconf 90' lang='lat' dir='ltr'>Domine</span> <span class='ocrx_word' id='word_1_157' title='bbox 836 2980 978 3050; x_wconf 86' lang='lat' dir='ltr'>sancte,</span> <span class='ocrx_word' id='word_1_158' title='bbox 1012 2965 1120 3037; x_wconf 89' lang='lat' dir='ltr'>Pater</span> <span class='ocrx_word' id='word_1_159' title='bbox 1147 2962 1400 3060; x_wconf 72' lang='lat' dir='ltr'>omnipotens</span> <span class='ocrx_word' id='word_1_160' title='bbox 1439 2979 1589 3038; x_wconf 88' lang='lat' dir='ltr'>aeterne</span> 
     </span>
     <span class='ocr_line' id='line_1_21' title="bbox 314 3087 1653 3186; baseline 0.002 -29"><span class='ocrx_word' id='word_1_161' title='bbox 314 3087 427 3165; x_wconf 74' lang='lat' dir='ltr'>Deus,</span> <span class='ocrx_word' id='word_1_162' title='bbox 460 3112 601 3161; x_wconf 90' lang='lat' dir='ltr'>osanna</span> <span class='ocrx_word' id='word_1_163' title='bbox 630 3087 665 3159; x_wconf 92' lang='lat' dir='ltr'>iu</span> <span class='ocrx_word' id='word_1_164' title='bbox 686 3088 850 3175; x_wconf 82' lang='lat' dir='ltr'>excelsis,</span> <span class='ocrx_word' id='word_1_165' title='bbox 874 3091 982 3162; x_wconf 89' lang='lat' dir='ltr'>Pater</span> <span class='ocrx_word' id='word_1_166' title='bbox 1003 3089 1153 3163; x_wconf 91' lang='lat' dir='ltr'>Domini</span> <span class='ocrx_word' id='word_1_167' title='bbox 1176 3090 1288 3162; x_wconf 91' lang='lat' dir='ltr'>nostri</span> <span class='ocrx_word' id='word_1_168' title='bbox 1304 3089 1417 3186; x_wconf 69' lang='lat' dir='ltr'>jhesu</span> <span class='ocrx_word' id='word_1_169' title='bbox 1440 3087 1586 3173; x_wconf 83' lang='lat' dir='ltr'>Christi,</span> <span class='ocrx_word' id='word_1_170' title='bbox 1619 3116 1653 3151; x_wconf 86' lang='lat'>20</span> 
     </span>
     <span class='ocr_line' id='line_1_22' title="bbox 312 3212 1588 3313; baseline 0.002 -29"><span class='ocrx_word' id='word_1_171' title='bbox 312 3213 372 3308; x_wconf 89' lang='lat' dir='ltr'>qui</span> <span class='ocrx_word' id='word_1_172' title='bbox 393 3212 492 3285; x_wconf 91' lang='lat' dir='ltr'>illum</span> <span class='ocrx_word' id='word_1_173' title='bbox 515 3214 682 3310; x_wconf 81' lang='lat' dir='ltr'>refugam</span> <span class='ocrx_word' id='word_1_174' title='bbox 703 3231 897 3310; x_wconf 82' lang='lat' dir='ltr'>tyrannum</span> <span class='ocrx_word' id='word_1_175' title='bbox 916 3213 1113 3312; x_wconf 86' lang='lat' dir='ltr'>gehennae</span> <span class='ocrx_word' id='word_1_176' title='bbox 1133 3214 1339 3310; x_wconf 89' lang='lat' dir='ltr'>deputasti;</span> <span class='ocrx_word' id='word_1_177' title='bbox 1361 3217 1424 3313; x_wconf 85' lang='lat' dir='ltr'>qui</span> <span class='ocrx_word' id='word_1_178' title='bbox 1448 3215 1588 3312; x_wconf 82' lang='lat' dir='ltr'>Unige-</span> 
     </span>
     <span class='ocr_line' id='line_1_23' title="bbox 313 3337 1587 3440; baseline 0.001 -30"><span class='ocrx_word' id='word_1_179' title='bbox 313 3339 426 3411; x_wconf 93' lang='lat' dir='ltr'>nitum</span> <span class='ocrx_word' id='word_1_180' title='bbox 455 3356 558 3412; x_wconf 94' lang='lat' dir='ltr'>tuum</span> <span class='ocrx_word' id='word_1_181' title='bbox 589 3341 623 3412; x_wconf 95' lang='lat' dir='ltr'>in</span> <span class='ocrx_word' id='word_1_182' title='bbox 653 3337 749 3414; x_wconf 93' lang='lat' dir='ltr'>hunc</span> <span class='ocrx_word' id='word_1_183' title='bbox 786 3341 964 3413; x_wconf 90' lang='lat' dir='ltr'>mundum</span> <span class='ocrx_word' id='word_1_184' title='bbox 994 3341 1141 3426; x_wconf 90' lang='lat' dir='ltr'>misisti,</span> <span class='ocrx_word' id='word_1_185' title='bbox 1174 3356 1214 3413; x_wconf 91' lang='lat' dir='ltr'>ut</span> <span class='ocrx_word' id='word_1_186' title='bbox 1249 3339 1349 3414; x_wconf 92' lang='lat' dir='ltr'>illum</span> <span class='ocrx_word' id='word_1_187' title='bbox 1379 3342 1587 3440; x_wconf 85' lang='lat' dir='ltr'>rugientem</span> 
     </span>
     <span class='ocr_line' id='line_1_24' title="bbox 312 3462 1588 3563; baseline 0.002 -28"><span class='ocrx_word' id='word_1_188' title='bbox 312 3462 455 3537; x_wconf 90' lang='lat' dir='ltr'>leonem</span> <span class='ocrx_word' id='word_1_189' title='bbox 488 3481 693 3539; x_wconf 89' lang='lat' dir='ltr'>contereret</span> <span class='ocrx_word' id='word_1_190' title='bbox 720 3465 910 3552; x_wconf 87' lang='lat' dir='ltr'>velociter;</span> <span class='ocrx_word' id='word_1_191' title='bbox 940 3466 1117 3552; x_wconf 87' lang='lat' dir='ltr'>adtende,</span> <span class='ocrx_word' id='word_1_192' title='bbox 1155 3465 1340 3547; x_wconf 87' lang='lat' dir='ltr'>adcelera,</span> <span class='ocrx_word' id='word_1_193' title='bbox 1379 3484 1419 3540; x_wconf 93' lang='lat' dir='ltr'>ut</span> <span class='ocrx_word' id='word_1_194' title='bbox 1453 3467 1588 3563; x_wconf 85' lang='lat' dir='ltr'>eripias</span> 
     </span>
     <span class='ocr_line' id='line_1_25' title="bbox 313 3588 1590 3677; baseline 0.002 -16"><span class='ocrx_word' id='word_1_195' title='bbox 313 3588 508 3676; x_wconf 89' lang='lat' dir='ltr'>hominem,</span> <span class='ocrx_word' id='word_1_196' title='bbox 534 3592 606 3664; x_wconf 89' lang='lat' dir='ltr'>tuis</span> <span class='ocrx_word' id='word_1_197' title='bbox 637 3593 831 3665; x_wconf 78' lang='lat' dir='ltr'>formatum</span> <span class='ocrx_word' id='word_1_198' title='bbox 852 3594 1032 3677; x_wconf 87' lang='lat' dir='ltr'>manibus,</span> <span class='ocrx_word' id='word_1_199' title='bbox 1055 3619 1077 3666; x_wconf 92' lang='lat' dir='ltr'>a</span> <span class='ocrx_word' id='word_1_200' title='bbox 1101 3592 1205 3666; x_wconf 88' lang='lat' dir='ltr'>ruina</span> <span class='ocrx_word' id='word_1_201' title='bbox 1233 3607 1270 3665; x_wconf 91' lang='lat' dir='ltr'>et</span> <span class='ocrx_word' id='word_1_202' title='bbox 1298 3591 1496 3666; x_wconf 93' lang='lat' dir='ltr'>daemonio</span> <span class='ocrx_word' id='word_1_203' title='bbox 1515 3617 1590 3664; x_wconf 93' lang='lat' dir='ltr'>me-</span> 
     </span>
     <span class='ocr_line' id='line_1_26' title="bbox 314 3716 1650 3814; baseline -0.001 -26"><span class='ocrx_word' id='word_1_204' title='bbox 314 3716 462 3790; x_wconf 90' lang='lat' dir='ltr'>ridiano.</span> <span class='ocrx_word' id='word_1_205' title='bbox 495 3717 556 3791; x_wconf 89' lang='lat' dir='ltr'>Da</span> <span class='ocrx_word' id='word_1_206' title='bbox 587 3719 764 3802; x_wconf 89' lang='lat' dir='ltr'>Domine,</span> <span class='ocrx_word' id='word_1_207' title='bbox 796 3735 972 3792; x_wconf 88' lang='lat' dir='ltr'>terrorem</span> <span class='ocrx_word' id='word_1_208' title='bbox 1002 3734 1104 3791; x_wconf 90' lang='lat' dir='ltr'>tuum</span> <span class='ocrx_word' id='word_1_209' title='bbox 1140 3743 1252 3814; x_wconf 90' lang='lat' dir='ltr'>super</span> <span class='ocrx_word' id='word_1_210' title='bbox 1279 3717 1452 3799; x_wconf 90' lang='lat' dir='ltr'>bestiam,</span> <span class='ocrx_word' id='word_1_211' title='bbox 1491 3743 1587 3813; x_wconf 89' lang='lat' dir='ltr'>quae</span> <span class='ocrx_word' id='word_1_212' title='bbox 1618 3749 1650 3798; x_wconf 83' lang='lat'>25</span> 
     </span>
     <span class='ocr_line' id='line_1_27' title="bbox 313 3842 1588 3918; baseline 0.001 -5"><span class='ocrx_word' id='word_1_213' title='bbox 313 3843 565 3916; x_wconf 89' lang='lat' dir='ltr'>exterminavit</span> <span class='ocrx_word' id='word_1_214' title='bbox 596 3844 741 3917; x_wconf 91' lang='lat' dir='ltr'>vineam</span> <span class='ocrx_word' id='word_1_215' title='bbox 776 3859 892 3918; x_wconf 87' lang='lat' dir='ltr'>tuam:</span> <span class='ocrx_word' id='word_1_216' title='bbox 929 3843 977 3917; x_wconf 91' lang='lat' dir='ltr'>da</span> <span class='ocrx_word' id='word_1_217' title='bbox 1013 3844 1183 3917; x_wconf 87' lang='lat' dir='ltr'>fiduciam</span> <span class='ocrx_word' id='word_1_218' title='bbox 1217 3842 1331 3917; x_wconf 88' lang='lat' dir='ltr'>servis</span> <span class='ocrx_word' id='word_1_219' title='bbox 1360 3844 1432 3915; x_wconf 84' lang='lat' dir='ltr'>tuis</span> <span class='ocrx_word' id='word_1_220' title='bbox 1461 3859 1588 3915; x_wconf 87' lang='lat' dir='ltr'>contra</span> 
     </span>
     <span class='ocr_line' id='line_1_28' title="bbox 315 3969 1588 4064; baseline -0.001 -25"><span class='ocrx_word' id='word_1_221' title='bbox 315 3969 576 4063; x_wconf 88' lang='lat' dir='ltr'>nequissimum</span> <span class='ocrx_word' id='word_1_222' title='bbox 592 3969 788 4042; x_wconf 87' lang='lat' dir='ltr'>draconem</span> <span class='ocrx_word' id='word_1_223' title='bbox 811 3970 950 4042; x_wconf 87' lang='lat' dir='ltr'>sortiter</span> <span class='ocrx_word' id='word_1_224' title='bbox 969 3987 1076 4051; x_wconf 84' lang='lat' dir='ltr'>stare,</span> <span class='ocrx_word' id='word_1_225' title='bbox 1100 3995 1146 4043; x_wconf 92' lang='lat' dir='ltr'>ne</span> <span class='ocrx_word' id='word_1_226' title='bbox 1166 3985 1378 4044; x_wconf 90' lang='lat' dir='ltr'>contemnat</span> <span class='ocrx_word' id='word_1_227' title='bbox 1397 3985 1588 4064; x_wconf 86' lang='lat' dir='ltr'>sperantes</span> 
     </span>
     <span class='ocr_line' id='line_1_29' title="bbox 314 4093 1585 4178; baseline 0.001 -14"><span class='ocrx_word' id='word_1_228' title='bbox 314 4093 348 4165; x_wconf 92' lang='lat' dir='ltr'>in</span> <span class='ocrx_word' id='word_1_229' title='bbox 378 4111 423 4178; x_wconf 90' lang='lat' dir='ltr'>te,</span> <span class='ocrx_word' id='word_1_230' title='bbox 454 4110 492 4168; x_wconf 88' lang='lat' dir='ltr'>et</span> <span class='ocrx_word' id='word_1_231' title='bbox 516 4094 613 4168; x_wconf 89' lang='lat' dir='ltr'>dicat</span> <span class='ocrx_word' id='word_1_232' title='bbox 632 4095 724 4167; x_wconf 92' lang='lat' dir='ltr'>sicut</span> <span class='ocrx_word' id='word_1_233' title='bbox 747 4095 782 4166; x_wconf 93' lang='lat' dir='ltr'>in</span> <span class='ocrx_word' id='word_1_234' title='bbox 805 4095 971 4167; x_wconf 78' lang='lat' dir='ltr'>Faraone</span> <span class='ocrx_word' id='word_1_235' title='bbox 1003 4096 1072 4168; x_wconf 92' lang='lat' dir='ltr'>iam</span> <span class='ocrx_word' id='word_1_236' title='bbox 1102 4096 1210 4169; x_wconf 82' lang='lat' dir='ltr'>dixit:</span> <span class='ocrx_word' id='word_1_237' title='bbox 1234 4097 1355 4169; x_wconf 89' lang='lat' dir='ltr'>Deum</span> <span class='ocrx_word' id='word_1_238' title='bbox 1388 4120 1459 4166; x_wconf 91' lang='lat' dir='ltr'>non</span> <span class='ocrx_word' id='word_1_239' title='bbox 1491 4095 1585 4173; x_wconf 88' lang='lat' dir='ltr'>novi,</span> 
     </span>
    </p>
   </div>
   <div class='ocr_carea' id='block_1_3' title="bbox 383 4354 1589 4746">
    <p class='ocr_par' dir='ltr' id='par_1_5' title="bbox 383 4354 1589 4746">
     <span class='ocr_line' id='line_1_30' title="bbox 453 4354 1585 4417; baseline 0.002 -11"><span class='ocrx_word' id='word_1_240' title='bbox 453 4367 479 4417; x_wconf 88' lang='lat'>7.</span> <span class='ocrx_word' id='word_1_241' title='bbox 501 4361 582 4408; x_wconf 86' lang='lat' dir='ltr'>vetus</span> <span class='ocrx_word' id='word_1_242' title='bbox 598 4354 673 4407; x_wconf 80' lang='lat' dir='ltr'>inlcr</span> <span class='ocrx_word' id='word_1_243' title='bbox 691 4371 707 4407; x_wconf 91' lang='lat' dir='ltr'>e</span> <span class='ocrx_word' id='word_1_244' title='bbox 725 4359 754 4408; x_wconf 79' lang='lat' dir='ltr'>el</span> <span class='ocrx_word' id='word_1_245' title='bbox 771 4365 780 4408; x_wconf 90' lang='lat' dir='ltr'>t</span> <span class='ocrx_word' id='word_1_246' title='bbox 800 4373 905 4411; x_wconf 81' lang='lat' dir='ltr'>rasura</span> <span class='ocrx_word' id='word_1_247' title='bbox 933 4357 1017 4412; x_wconf 83' lang='lat' dir='ltr'>rmins</span> <span class='ocrx_word' id='word_1_248' title='bbox 1036 4360 1156 4412; x_wconf 74' lang='lat' dir='ltr'>litterar.</span> <span class='ocrx_word' id='word_1_249' title='bbox 1179 4387 1208 4398; x_wconf 83' lang='lat'><em>-</em></span> <span class='ocrx_word' id='word_1_250' title='bbox 1227 4367 1318 4411; x_wconf 82' lang='lat' dir='ltr'>atrae:</span> <span class='ocrx_word' id='word_1_251' title='bbox 1334 4373 1410 4411; x_wconf 82' lang='lat' dir='ltr'>corr.</span> <span class='ocrx_word' id='word_1_252' title='bbox 1432 4374 1471 4410; x_wconf 75' lang='lat' dir='ltr'>ea·</span> <span class='ocrx_word' id='word_1_253' title='bbox 1490 4355 1527 4408; x_wconf 84' lang='lat' dir='ltr'>ad</span> <span class='ocrx_word' id='word_1_254' title='bbox 1547 4373 1585 4409; x_wconf 87' lang='lat' dir='ltr'>re.</span> 
     </span>
     <span class='ocr_line' id='line_1_31' title="bbox 383 4434 1586 4506; baseline 0.003 -20"><span class='ocrx_word' id='word_1_255' title='bbox 383 4461 416 4474; x_wconf 91' lang='lat'>·-</span> <span class='ocrx_word' id='word_1_256' title='bbox 438 4450 479 4487; x_wconf 77' lang='grc' dir='ltr'>ιο.</span> <span class='ocrx_word' id='word_1_257' title='bbox 501 4434 672 4502; x_wconf 84' lang='lat' dir='ltr'>fallacesque</span> <span class='ocrx_word' id='word_1_258' title='bbox 701 4435 779 4490; x_wconf 86' lang='lat' dir='ltr'>eius:</span> <span class='ocrx_word' id='word_1_259' title='bbox 800 4455 825 4490; x_wconf 84' lang='lat'>2.</span> <span class='ocrx_word' id='word_1_260' title='bbox 848 4456 903 4492; x_wconf 85' lang='lat' dir='ltr'>ma.</span> <span class='ocrx_word' id='word_1_261' title='bbox 925 4455 982 4506; x_wconf 84' lang='lat' dir='ltr'>quc</span> <span class='ocrx_word' id='word_1_262' title='bbox 1001 4443 1030 4492; x_wconf 80' lang='lat' dir='ltr'>el</span> <span class='ocrx_word' id='word_1_263' title='bbox 1054 4440 1127 4506; x_wconf 85' lang='lat' dir='ltr'>ejus.</span> <span class='ocrx_word' id='word_1_264' title='bbox 1149 4469 1182 4476; x_wconf 86' lang='lat'>-</span> <span class='ocrx_word' id='word_1_265' title='bbox 1204 4455 1246 4491; x_wconf 81' lang='lat'>12.</span> <span class='ocrx_word' id='word_1_266' title='bbox 1267 4447 1360 4492; x_wconf 86' lang='lat' dir='ltr'>tutus:</span> <span class='ocrx_word' id='word_1_267' title='bbox 1384 4456 1407 4490; x_wconf 86' lang='lat' dir='ltr'>l.</span> <span class='ocrx_word' id='word_1_268' title='bbox 1428 4454 1484 4490; x_wconf 86' lang='lat' dir='ltr'>mn.</span> <span class='ocrx_word' id='word_1_269' title='bbox 1506 4446 1586 4490; x_wconf 88' lang='lat' dir='ltr'>tuus:</span> 
     </span>
     <span class='ocr_line' id='line_1_32' title="bbox 384 4517 1589 4584; baseline 0.002 -18"><span class='ocrx_word' id='word_1_270' title='bbox 384 4531 438 4567; x_wconf 82' lang='lat' dir='ltr'>rna.</span> <span class='ocrx_word' id='word_1_271' title='bbox 453 4517 562 4582; x_wconf 81' lang='lat' dir='ltr'>posler.</span> <span class='ocrx_word' id='word_1_272' title='bbox 576 4518 667 4583; x_wconf 79' lang='lat' dir='ltr'>suppl.</span> <span class='ocrx_word' id='word_1_273' title='bbox 688 4525 709 4569; x_wconf 88' lang='lat' dir='ltr'>t.</span> <span class='ocrx_word' id='word_1_274' title='bbox 730 4547 763 4556; x_wconf 91' lang='lat'>-</span> <span class='ocrx_word' id='word_1_275' title='bbox 784 4519 920 4584; x_wconf 82' lang='lat' dir='ltr'>pectoris:</span> <span class='ocrx_word' id='word_1_276' title='bbox 942 4520 964 4570; x_wconf 88' lang='lat' dir='ltr'>is</span> <span class='ocrx_word' id='word_1_277' title='bbox 983 4522 1021 4571; x_wconf 84' lang='lat' dir='ltr'>ul.</span> <span class='ocrx_word' id='word_1_278' title='bbox 1043 4536 1099 4571; x_wconf 78' lang='lat' dir='ltr'>nen.</span> <span class='ocrx_word' id='word_1_279' title='bbox 1127 4519 1156 4571; x_wconf 81' lang='lat' dir='ltr'>iu</span> <span class='ocrx_word' id='word_1_280' title='bbox 1185 4535 1289 4571; x_wconf 83' lang='lat' dir='ltr'>rnsnrn</span> <span class='ocrx_word' id='word_1_281' title='bbox 1309 4518 1363 4572; x_wconf 74' lang='grc' dir='ltr'>ΗΝ.</span> <span class='ocrx_word' id='word_1_282' title='bbox 1384 4535 1410 4571; x_wconf 85' lang='lat' dir='ltr'>a.</span> <span class='ocrx_word' id='word_1_283' title='bbox 1431 4549 1464 4554; x_wconf 82' lang='lat'>—</span> <span class='ocrx_word' id='word_1_284' title='bbox 1487 4534 1528 4582; x_wconf 75' lang='lat'>13·</span> <span class='ocrx_word' id='word_1_285' title='bbox 1547 4517 1589 4569; x_wconf 88' lang='lat' dir='ltr'>in-</span> 
     </span>
     <span class='ocr_line' id='line_1_33' title="bbox 383 4595 1589 4666; baseline 0.002 -19"><span class='ocrx_word' id='word_1_286' title='bbox 383 4605 477 4648; x_wconf 86' lang='lat' dir='ltr'>terna:</span> <span class='ocrx_word' id='word_1_287' title='bbox 508 4595 583 4648; x_wconf 76' lang='lat' dir='ltr'>inter</span> <span class='ocrx_word' id='word_1_288' title='bbox 602 4614 619 4649; x_wconf 89' lang='lat' dir='ltr'>u</span> <span class='ocrx_word' id='word_1_289' title='bbox 639 4601 693 4650; x_wconf 79' lang='lat' dir='ltr'>rlt</span> <span class='ocrx_word' id='word_1_290' title='bbox 713 4615 828 4652; x_wconf 79' lang='lat' dir='ltr'>rasura.</span> <span class='ocrx_word' id='word_1_291' title='bbox 850 4630 881 4638; x_wconf 91' lang='lat'>-</span> <span class='ocrx_word' id='word_1_292' title='bbox 915 4615 956 4664; x_wconf 75' lang='lat'>14.</span> <span class='ocrx_word' id='word_1_293' title='bbox 986 4600 1095 4652; x_wconf 86' lang='lat' dir='ltr'>anima:</span> <span class='ocrx_word' id='word_1_294' title='bbox 1118 4616 1174 4652; x_wconf 83' lang='lat' dir='ltr'>mu.</span> <span class='ocrx_word' id='word_1_295' title='bbox 1199 4603 1307 4666; x_wconf 75' lang='lat' dir='ltr'>poster,</span> <span class='ocrx_word' id='word_1_296' title='bbox 1335 4615 1391 4652; x_wconf 85' lang='lat' dir='ltr'>mn.</span> <span class='ocrx_word' id='word_1_297' title='bbox 1419 4599 1448 4650; x_wconf 83' lang='lat' dir='ltr'>in</span> <span class='ocrx_word' id='word_1_298' title='bbox 1468 4615 1527 4652; x_wconf 82' lang='lat' dir='ltr'>ros.</span> <span class='ocrx_word' id='word_1_299' title='bbox 1555 4627 1589 4638; x_wconf 88' lang='lat'>-</span> 
     </span>
     <span class='ocr_line' id='line_1_34' title="bbox 383 4678 1589 4746; baseline 0.002 -19"><span class='ocrx_word' id='word_1_300' title='bbox 383 4685 566 4729; x_wconf 83' lang='lat' dir='ltr'>evanescant:</span> <span class='ocrx_word' id='word_1_301' title='bbox 588 4693 613 4730; x_wconf 83' lang='lat' dir='ltr'>r.</span> <span class='ocrx_word' id='word_1_302' title='bbox 634 4694 690 4731; x_wconf 86' lang='lat' dir='ltr'>ma.</span> <span class='ocrx_word' id='word_1_303' title='bbox 712 4678 874 4742; x_wconf 79' lang='lat' dir='ltr'>vatriscant;</span> <span class='ocrx_word' id='word_1_304' title='bbox 895 4696 973 4734; x_wconf 83' lang='lat' dir='ltr'>corr.</span> <span class='ocrx_word' id='word_1_305' title='bbox 1001 4696 1057 4733; x_wconf 84' lang='lat' dir='ltr'>mu.</span> <span class='ocrx_word' id='word_1_306' title='bbox 1079 4683 1187 4746; x_wconf 71' lang='lat' dir='ltr'>poster.</span> <span class='ocrx_word' id='word_1_307' title='bbox 1212 4711 1245 4717; x_wconf 89' lang='lat'>--</span> <span class='ocrx_word' id='word_1_308' title='bbox 1271 4683 1312 4732; x_wconf 91' lang='lat'>16.</span> <span class='ocrx_word' id='word_1_309' title='bbox 1333 4679 1432 4731; x_wconf 85' lang='lat' dir='ltr'>abeat:</span> <span class='ocrx_word' id='word_1_310' title='bbox 1452 4695 1529 4730; x_wconf 83' lang='lat' dir='ltr'>corr.</span> <span class='ocrx_word' id='word_1_311' title='bbox 1550 4695 1589 4730; x_wconf 69' lang='lat' dir='ltr'>ar</span> 
     </span>
    </p>
   </div>
   <div class='ocr_carea' id='block_1_4' title="bbox 383 4755 1589 4903">
    <p class='ocr_par' dir='ltr' id='par_1_6' title="bbox 383 4755 1589 4903">
     <span class='ocr_line' id='line_1_35' title="bbox 384 4755 1589 4824; baseline 0.003 -18"><span class='ocrx_word' id='word_1_312' title='bbox 384 4755 495 4810; x_wconf 88' lang='lat' dir='ltr'>habeat.</span> <span class='ocrx_word' id='word_1_313' title='bbox 520 4787 555 4795; x_wconf 97' lang='lat'>—</span> <span class='ocrx_word' id='word_1_314' title='bbox 578 4773 621 4822; x_wconf 79' lang='lat'>23.</span> <span class='ocrx_word' id='word_1_315' title='bbox 642 4757 788 4812; x_wconf 87' lang='lat' dir='ltr'>adcelera:</span> <span class='ocrx_word' id='word_1_316' title='bbox 811 4776 888 4813; x_wconf 80' lang='lat' dir='ltr'>corr.</span> <span class='ocrx_word' id='word_1_317' title='bbox 909 4777 949 4813; x_wconf 74' lang='lat' dir='ltr'>ra·</span> <span class='ocrx_word' id='word_1_318' title='bbox 968 4760 1112 4813; x_wconf 85' lang='lat' dir='ltr'>adscelera</span> <span class='ocrx_word' id='word_1_319' title='bbox 1132 4790 1165 4798; x_wconf 93' lang='lat'>-</span> <span class='ocrx_word' id='word_1_320' title='bbox 1187 4775 1229 4824; x_wconf 76' lang='lat'>27.</span> <span class='ocrx_word' id='word_1_321' title='bbox 1250 4769 1431 4814; x_wconf 84' lang='lat' dir='ltr'>contemnat:</span> <span class='ocrx_word' id='word_1_322' title='bbox 1452 4776 1528 4811; x_wconf 81' lang='lat' dir='ltr'>corr.</span> <span class='ocrx_word' id='word_1_323' title='bbox 1550 4775 1589 4812; x_wconf 76' lang='lat' dir='ltr'>er·</span> 
     </span>
     <span class='ocr_line' id='line_1_36' title="bbox 383 4844 1462 4903; baseline 0.015 -16"><span class='ocrx_word' id='word_1_324' title='bbox 383 4844 575 4903; x_wconf 86' lang='lat' dir='ltr'>contempnat.</span> <span class='ocrx_word' id='word_1_325' title='bbox 1456 4852 1462 4860; x_wconf 94' lang='lat'>&#39;</span> 
     </span>
    </p>
   </div>
   <div class='ocr_carea' id='block_1_5' title="bbox 359 5081 1080 5260">
    <p class='ocr_par' dir='ltr' id='par_1_7' title="bbox 359 5081 1080 5260">
     <span class='ocr_line' id='line_1_37' title="bbox 360 5081 1080 5161; baseline 0.007 -19"><span class='ocrx_word' id='word_1_326' title='bbox 360 5101 386 5142; x_wconf 88' lang='lat'>2.</span> <span class='ocrx_word' id='word_1_327' title='bbox 412 5081 507 5144; x_wconf 88' lang='lat' dir='ltr'>Gerb.</span> <span class='ocrx_word' id='word_1_328' title='bbox 538 5092 607 5151; x_wconf 84' lang='lat'>128,</span> <span class='ocrx_word' id='word_1_329' title='bbox 637 5105 706 5161; x_wconf 80' lang='lat'>133,</span> <span class='ocrx_word' id='word_1_330' title='bbox 733 5086 825 5146; x_wconf 79' lang='lat' dir='ltr'>Mart.</span> <span class='ocrx_word' id='word_1_331' title='bbox 852 5085 929 5147; x_wconf 89' lang='lat' dir='ltr'>Ord.</span> <span class='ocrx_word' id='word_1_332' title='bbox 958 5087 996 5157; x_wconf 94' lang='lat' dir='ltr'>ll,</span> <span class='ocrx_word' id='word_1_333' title='bbox 1025 5087 1080 5148; x_wconf 91' lang='lat' dir='ltr'>lll.</span> 
     </span>
     <span class='ocr_line' id='line_1_38' title="bbox 359 5181 1063 5260; baseline 0.01 -20"><span class='ocrx_word' id='word_1_334' title='bbox 359 5199 386 5256; x_wconf 91' lang='lat'>3.</span> <span class='ocrx_word' id='word_1_335' title='bbox 412 5181 507 5244; x_wconf 87' lang='lat' dir='ltr'>Gerb.</span> <span class='ocrx_word' id='word_1_336' title='bbox 538 5191 606 5252; x_wconf 87' lang='lat'>128,</span> <span class='ocrx_word' id='word_1_337' title='bbox 638 5203 706 5260; x_wconf 88' lang='lat'>130,</span> <span class='ocrx_word' id='word_1_338' title='bbox 733 5184 825 5244; x_wconf 89' lang='lat' dir='ltr'>Mart.</span> <span class='ocrx_word' id='word_1_339' title='bbox 852 5184 930 5245; x_wconf 90' lang='lat' dir='ltr'>Ord.</span> <span class='ocrx_word' id='word_1_340' title='bbox 957 5185 979 5257; x_wconf 90' lang='lat'>1,</span> <span class='ocrx_word' id='word_1_341' title='bbox 1006 5186 1063 5248; x_wconf 87' lang='lat' dir='ltr'>Ill.</span> 
     </span>
    </p>
   </div>
   <div class='ocr_carea' id='block_1_6' title="bbox 0 0 2050 6116">
    <p class='ocr_par' dir='ltr' id='par_1_8' title="bbox 0 0 2050 6116">
     <span class='ocr_line' id='line_1_39' title="bbox 0 0 2050 6116; baseline 0 0"><span class='ocrx_word' id='word_1_342' title='bbox 0 0 2050 6116; x_wconf 95' lang='lat' dir='ltr'> </span> 
     </span>
    </p>
   </div>
  </div>
 </body>
</html>
