4078 6126
508 533 559 570 120
755 487 960 570 Al’PENDIX
978 516 1035 569 AD
1057 515 1325 569 PONTIFICALE
1342 513 1453 569 SAEC.
1477 515 1529 569 lX.

631 747 783 821 ORDO
813 746 889 819 AD
920 745 1167 820 REGlNAllI
1197 744 1658 820 CONSECRANDAM.

620 898 649 946 1.
680 873 931 969 Omnipotens
959 871 1184 967 sempiterne
1214 871 1330 956 Deus,
1363 871 1446 944 fons
1474 888 1512 944 et
1539 870 1646 968 origo
1673 871 1787 944 totius

506 998 691 1084 bonitatis,
714 999 777 1095 qui
807 997 979 1070 foeminei
1000 1021 1111 1070 sexus
1139 993 1375 1093 fragilitatem
1402 1021 1638 1094 nequaquam
1665 1021 1788 1092 repro

507 1125 632 1198 bando
651 1125 866 1212 adversaris,
889 1123 955 1197 sed
978 1123 1176 1220 dignanter
1201 1123 1479 1220 comprobando
1508 1123 1631 1219 potius
1660 1121 1786 1219 eligis;

465 1295 480 1344 5
508 1269 547 1326 et
574 1252 637 1350 qui
658 1251 800 1325 infirma
818 1250 945 1323 mundi
965 1248 1141 1347 eligendo
1160 1248 1268 1322 fortia
1286 1273 1459 1346 quaeque
1479 1247 1707 1322 confundere
1726 1247 1790 1320 de·

507 1378 668 1463 crevisti;
689 1377 827 1474 quique
850 1377 961 1450 etiam
983 1374 1125 1473 gloriae
1143 1375 1362 1471 virtutisque
1390 1391 1476 1449 tuae
1505 1372 1730 1469 triumphum
1750 1373 1788 1446 in

508 1527 618 1576 manu
650 1501 771 1575 ludith
792 1500 975 1576 foeminae
1003 1499 1090 1573 olim
1119 1500 1285 1574 iudaicae
1314 1497 1413 1595 plebi
1442 1500 1489 1573 de
1518 1499 1625 1574 hoste
1653 1498 1788 1572 saevis-

509 1629 603 1701 simo
630 1627 821 1724 resignare
849 1625 1006 1712 voluisti,
1037 1627 1189 1723 respice,
1221 1650 1459 1724 quaesumus
1489 1625 1537 1698 ad
1567 1650 1696 1722 preces
1724 1623 1789 1696 hu·

511 1752 671 1828 militatis
692 1770 856 1839 nostrae;
877 1767 915 1826 et
933 1778 1045 1849 super
1063 1752 1157 1826 hanc
1177 1751 1351 1825 famulam
1372 1768 1473 1826 tuam
1493 1751 1554 1836 ill.,
1572 1777 1684 1850 quam
1704 1777 1789 1848 sup-

449 1901 482 1939 10
508 1881 592 1977 plici
620 1879 819 1953 devotione
848 1879 884 1951 in
912 1879 1080 1976 reginam
1108 1877 1290 1976 eligimus,
1313 1877 1613 1950 benedictionum
1642 1893 1787 1950 tuarum

509 2008 609 2080 dona
637 2004 851 2102 multiplica,
883 2029 1042 2100 eamque
1070 2004 1223 2078 dextera
1245 2021 1331 2077 tuae
1359 2003 1548 2099 potentiae
1577 2028 1725 2098 semper
1750 2018 1790 2076 et

510 2133 647 2230 ubique
662 2130 863 2205 circumda:
885 2145 926 2203 ut
940 2130 1103 2203 umbone
1122 2131 1334 2205 muniminis
1349 2131 1400 2203 tui
1421 2129 1586 2228 undique
1606 2155 1713 2203 secus
1732 2128 1789 2201 fir·

510 2258 616 2331 miter
644 2273 818 2354 protecta,
840 2254 993 2330 visibilis
1011 2282 1077 2329 seu
1099 2255 1288 2330 invisibilis
1317 2255 1434 2329 hostis
1454 2255 1638 2350 nequitias
1667 2256 1789 2328 trium-

510 2385 667 2490 phaliter
685 2408 901 2481 expugnare
919 2381 1058 2468 valeat;
1088 2399 1126 2456 et
1154 2407 1329 2456 unacum
1358 2381 1452 2456 Sara
1472 2398 1585 2478 atque
1606 2382 1786 2466 Rebecca,

451 2548 482 2597 15
513 2512 579 2584 Lia
598 2527 636 2584 et
655 2508 804 2595 Rachel,
826 2509 945 2582 beatis
965 2507 1251 2606 reverendisque
1271 2508 1451 2592 foeminis,
1474 2506 1592 2580 fructu
1615 2507 1708 2582 uteri
1732 2507 1788 2580 sui

514 2635 725 2712 foecundari
748 2661 813 2710 seu
842 2633 1016 2732 gratulari
1046 2649 1238 2720 mereatur,
1260 2634 1307 2707 ad
1335 2633 1506 2707 decorem
1535 2633 1647 2707 totius
1671 2633 1786 2730 regni,

513 2781 725 2860 statumque
753 2778 901 2835 sanctae
932 2760 1005 2834 Dei
1033 2757 1221 2832 Ecclesiae
1249 2760 1455 2858 regendum
1480 2783 1645 2834 necnon
1670 2774 1790 2856 prote-

513 2888 697 2987 gendum:
723 2889 793 2961 Per
813 2887 1016 2960 Dominum
1038 2903 1214 2970 nostrum,
1245 2885 1308 2983 qui
1336 2911 1382 2959 ex
1411 2885 1629 2958 intemerato
1657 2885 1789 2958 beatae

516 3015 657 3088 lllariae
676 3013 840 3111 Virginis
859 3012 942 3086 alvo
962 3011 1072 3096 nasci,
1093 3011 1240 3084 visitare
1259 3036 1301 3084 ac
1330 3035 1508 3084 renovare
1536 3009 1714 3108 dignatus
1733 3025 1790 3082 est

451 3183 485 3220 20
514 3142 611 3214 hunc
638 3140 828 3212 mundum.
860 3139 934 3233 Qui
963 3154 1084 3212 tecum
1112 3136 1200 3209 vivit
1227 3151 1265 3209 et
1291 3135 1470 3232 gloriatur
1489 3137 1524 3208 in
1544 3135 1684 3208 unitate
1706 3133 1792 3231 Spi-

513 3269 604 3341 ritus
623 3266 738 3340 sancti
760 3267 876 3351 DeuS,
899 3289 966 3360 per
987 3260 1205 3336 immortalia
1225 3259 1372 3334 saecula
1390 3259 1632 3334 saeculorum.
1649 3259 1787 3333 Amen.

766 3393 859 3465 Item
887 3391 1076 3464 benedictio
1103 3389 1262 3486 ejusdem
1290 3397 1373 3458 ante
1399 3389 1528 3461 altare.

624 3546 656 3594 2.
690 3519 804 3603 DeuS,
827 3518 890 3614 qui
918 3514 1020 3588 solus
1039 3514 1155 3588 habes
1174 3511 1494 3597 immortalitatem,
1516 3511 1711 3610 lucemque
1730 3511 1793 3585 ha·

513 3647 609 3720 bitas
629 3641 927 3727 inaccessibilem,
949 3619 1054 3714 cuius
1072 3639 1302 3736 providentia
1322 3638 1357 3711 in
1378 3638 1433 3712 sui
1453 3637 1696 3734 dispositione
1716 3661 1790 3710 non

450 3819 482 3870 25
514 3769 663 3856 fallitur;
693 3769 755 3867 qui
785 3767 900 3842 fecisti
926 3791 1024 3865 quae
1053 3765 1173 3838 futura
1202 3780 1298 3849 sunt,
1329 3778 1369 3837 et
1390 3787 1500 3836 vocas
1527 3787 1572 3834 ea
1599 3787 1696 3859 quae
1717 3785 1790 3833 non

513 3914 600 3970 sunt
628 3915 817 3994 tamquam
845 3918 1015 3991 eaquae
1043 3907 1144 3978 sunt;
1174 3891 1238 3989 qui
1267 3889 1449 3986 superbos
1476 3913 1598 3985 aequo
1626 3887 1793 3960 modera-

514 4025 612 4097 mine
627 4022 674 4096 de
694 4023 898 4120 principatu
919 4019 1043 4104 deicis,
1060 4035 1172 4114 atque
1191 4014 1349 4089 humiles
1368 4015 1566 4112 dignanter
1583 4013 1619 4086 in
1635 4013 1792 4088 sublime

515 4149 702 4246 provehis,
734 4145 956 4221 ineffabilem
992 4142 1278 4217 misericordiam
1314 4155 1415 4214 tuam
1447 4140 1632 4237 supplices
1667 4165 1794 4214 exora·

515 4303 612 4351 mus:
633 4292 675 4350 ut
692 4276 786 4349 sicut
803 4275 942 4348 Hester
955 4270 1123 4369 reginam
1145 4267 1316 4343 Israhelis
1335 4291 1447 4340 causa
1466 4264 1595 4338 salutis
1614 4267 1662 4340 de
1681 4266 1792 4362 capti-

451 4455 487 4507 30
515 4403 637 4477 vitatis
666 4427 766 4475 suae.
783 4397 820 4498 ⁴¹¹)

659 4623 685 4660 2.
706 4603 910 4670 Omnipotens:
932 4603 957 4654 O
978 4601 1040 4654 init.
1062 4598 1208 4654 ornatibus
1226 4602 1255 4652 et
1270 4598 1411 4652 coloribus
1429 4596 1527 4664 depici.
1550 4625 1582 4638 -
1602 4593 1790 4662 sempiterne:

586 4697 711 4741 aeterne.
732 4687 765 4739 C.
785 4713 820 4724 -
841 4700 883 4738 11.
904 4682 1034 4736 dextera:
1049 4696 1126 4734 corr.
1140 4696 1180 4733 ex
1193 4678 1337 4734 dexterae.
1353 4709 1385 4718 —-
1407 4683 1449 4731 18.
1473 4679 1539 4731 Per:
1562 4679 1614 4730 Per
1633 4675 1790 4730 Christum.

587 4771 620 4824 C.
640 4797 675 4808 -
695 4784 738 4821 20.
759 4764 955 4832 dignatusest
975 4762 1066 4815 hunc:
1088 4761 1164 4815 hunc
1182 4759 1317 4826 dignatus
1336 4769 1389 4814 est.
1409 4760 1443 4813 C.

565 4967 591 5007 1.
617 4943 695 5005 Ord.
721 4942 814 5003 Rom.
844 4959 913 5017 152,
939 4939 1031 4998 Mart.
1058 4935 1136 4996 Ord.
1161 4934 1218 4996 VI.

565 5064 592 5105 2.
618 5042 697 5106 Ord.
716 5042 807 5102 Rom.
838 5057 908 5116 152,
934 5037 1026 5098 Mart.
1051 5033 1130 5095 Ord.
1156 5035 1195 5094 V.
1242 5029 1275 5112 >l)
1293 5030 1429 5110 Reliqua
1452 5029 1672 5092 desiderantur
1696 5028 1794 5091 inco·

518 5141 597 5213 dice,
623 5153 732 5219 utpote
755 5136 884 5210 mutilo;
903 5135 982 5196 forte
998 5131 1139 5213 suppleri
1156 5141 1306 5210 poterunt
1322 5151 1361 5190 ex
1378 5128 1455 5190 Ord.
1482 5129 1585 5199 Rom..
1607 5127 1627 5188 l.
1644 5147 1681 5198 c.,
1706 5138 1738 5189 et
1753 5147 1792 5189 ex

517 5261 582 5324 seq.
608 5237 731 5302 Ordine
754 5237 795 5309 ll,
820 5234 870 5297 ed.
897 5254 936 5296 ex
959 5232 1028 5295 cod.
1053 5251 1134 5293 saec.
1158 5229 1230 5302 XV,
1256 5227 1349 5290 Basil.
1375 5228 1522 5289 Ambros,
1549 5224 1734 5290 Mediolani.
