<?xml version="1.0" encoding="UTF-8"?>
<!DOCTYPE html PUBLIC "-//W3C//DTD XHTML 1.0 Transitional//EN"
    "http://www.w3.org/TR/xhtml1/DTD/xhtml1-transitional.dtd">
<html xmlns="http://www.w3.org/1999/xhtml" xml:lang="en" lang="en">
 <head>
  <title>
</title>
<meta http-equiv="Content-Type" content="text/html;charset=utf-8" />
  <meta name='ocr-system' content='tesseract 3.04.00' />
  <meta name='ocr-capabilities' content='ocr_page ocr_carea ocr_par ocr_line ocrx_word'/>
</head>
<body>
  <div class='ocr_page' id='page_1' title='image "./pontificaleinus00churgoog_0072.png"; bbox 0 0 4084 6128; ppageno 0'>
   <div class='ocr_carea' id='block_1_1' title="bbox 447 525 1546 590">
    <p class='ocr_par' dir='ltr' id='par_1_1' title="bbox 447 525 1546 590">
     <span class='ocr_line' id='line_1_1' title="bbox 447 525 1546 590; baseline -0.008 -4"><span class='ocrx_word' id='word_1_1' title='bbox 447 533 599 587; x_wconf 85' lang='lat' dir='ltr'><strong>ORATIO</strong></span> <span class='ocrx_word' id='word_1_2' title='bbox 619 533 675 585; x_wconf 92' lang='grc' dir='ltr'>ΑΙ)</span> <span class='ocrx_word' id='word_1_3' title='bbox 694 530 1011 585; x_wconf 78' lang='lat' dir='ltr'>CAPILLATURAIII</span> <span class='ocrx_word' id='word_1_4' title='bbox 1034 528 1268 590; x_wconf 88' lang='lat' dir='ltr'>INFANTULI,</span> <span class='ocrx_word' id='word_1_5' title='bbox 1290 525 1375 580; x_wconf 89' lang='lat' dir='ltr'>ETC.</span> <span class='ocrx_word' id='word_1_6' title='bbox 1513 536 1546 587; x_wconf 85' lang='lat'>27</span> 
     </span>
    </p>
   </div>
   <div class='ocr_carea' id='block_1_2' title="bbox 332 900 1482 1002">
    <p class='ocr_par' dir='ltr' id='par_1_2' title="bbox 332 900 1482 1002">
     <span class='ocr_line' id='line_1_2' title="bbox 332 900 1482 1002; baseline -0.002 -24"><span class='ocrx_word' id='word_1_7' title='bbox 332 905 534 980; x_wconf 81' lang='lat' dir='ltr'>ORATIO</span> <span class='ocrx_word' id='word_1_8' title='bbox 564 906 640 979; x_wconf 93' lang='lat' dir='ltr'>AD</span> <span class='ocrx_word' id='word_1_9' title='bbox 671 905 1090 980; x_wconf 88' lang='lat' dir='ltr'>CAPILLATURAM</span> <span class='ocrx_word' id='word_1_10' title='bbox 1122 900 1482 1002; x_wconf 72' lang='lat' dir='ltr'>1NFANTUL1.*)</span> 
     </span>
    </p>
   </div>
   <div class='ocr_carea' id='block_1_3' title="bbox 268 1155 1610 1757">
    <p class='ocr_par' dir='ltr' id='par_1_3' title="bbox 268 1155 1610 1757">
     <span class='ocr_line' id='line_1_3' title="bbox 383 1155 1548 1253; baseline -0.001 -24"><span class='ocrx_word' id='word_1_11' title='bbox 383 1183 412 1231; x_wconf 89' lang='lat'>1.</span> <span class='ocrx_word' id='word_1_12' title='bbox 443 1156 693 1253; x_wconf 88' lang='lat' dir='ltr'>Omnipotens</span> <span class='ocrx_word' id='word_1_13' title='bbox 721 1156 945 1252; x_wconf 82' lang='lat' dir='ltr'>sempiterne</span> <span class='ocrx_word' id='word_1_14' title='bbox 971 1155 1086 1240; x_wconf 91' lang='lat' dir='ltr'>Deus,</span> <span class='ocrx_word' id='word_1_15' title='bbox 1109 1155 1251 1252; x_wconf 86' lang='lat' dir='ltr'>respice</span> <span class='ocrx_word' id='word_1_16' title='bbox 1280 1155 1461 1253; x_wconf 88' lang='lat' dir='ltr'>propitius</span> <span class='ocrx_word' id='word_1_17' title='bbox 1485 1181 1548 1228; x_wconf 92' lang='lat' dir='ltr'>su·</span> 
     </span>
     <span class='ocr_line' id='line_1_4' title="bbox 269 1281 1547 1381; baseline 0 -25"><span class='ocrx_word' id='word_1_18' title='bbox 269 1309 335 1381; x_wconf 91' lang='lat' dir='ltr'>per</span> <span class='ocrx_word' id='word_1_19' title='bbox 361 1283 458 1356; x_wconf 90' lang='lat' dir='ltr'>hunc</span> <span class='ocrx_word' id='word_1_20' title='bbox 486 1281 661 1356; x_wconf 81' lang='lat' dir='ltr'>famulum</span> <span class='ocrx_word' id='word_1_21' title='bbox 690 1297 794 1355; x_wconf 89' lang='lat' dir='ltr'>tuum</span> <span class='ocrx_word' id='word_1_22' title='bbox 825 1281 872 1354; x_wconf 94' lang='lat' dir='ltr'>N.</span> <span class='ocrx_word' id='word_1_23' title='bbox 903 1307 1015 1378; x_wconf 88' lang='lat' dir='ltr'>quem</span> <span class='ocrx_word' id='word_1_24' title='bbox 1034 1281 1082 1355; x_wconf 90' lang='lat' dir='ltr'>ad</span> <span class='ocrx_word' id='word_1_25' title='bbox 1103 1306 1238 1354; x_wconf 88' lang='lat' dir='ltr'>novam</span> <span class='ocrx_word' id='word_1_26' title='bbox 1258 1282 1436 1358; x_wconf 92' lang='lat' dir='ltr'>tondendi</span> <span class='ocrx_word' id='word_1_27' title='bbox 1465 1307 1547 1380; x_wconf 83' lang='lat' dir='ltr'>gra·</span> 
     </span>
     <span class='ocr_line' id='line_1_5' title="bbox 269 1406 1546 1505; baseline -0.002 -22"><span class='ocrx_word' id='word_1_28' title='bbox 269 1409 355 1483; x_wconf 88' lang='lat' dir='ltr'>tiam</span> <span class='ocrx_word' id='word_1_29' title='bbox 383 1433 515 1482; x_wconf 88' lang='lat' dir='ltr'>vocare</span> <span class='ocrx_word' id='word_1_30' title='bbox 542 1406 717 1505; x_wconf 84' lang='lat' dir='ltr'>dignatus</span> <span class='ocrx_word' id='word_1_31' title='bbox 746 1432 804 1481; x_wconf 89' lang='lat' dir='ltr'>es:</span> <span class='ocrx_word' id='word_1_32' title='bbox 835 1408 999 1481; x_wconf 86' lang='lat' dir='ltr'>tribuens</span> <span class='ocrx_word' id='word_1_33' title='bbox 1028 1407 1062 1480; x_wconf 91' lang='lat' dir='ltr'>ei</span> <span class='ocrx_word' id='word_1_34' title='bbox 1091 1406 1346 1482; x_wconf 89' lang='lat' dir='ltr'>remissionem</span> <span class='ocrx_word' id='word_1_35' title='bbox 1380 1407 1546 1483; x_wconf 92' lang='lat' dir='ltr'>omnium</span> 
     </span>
     <span class='ocr_line' id='line_1_6' title="bbox 268 1532 1610 1632; baseline -0.003 -24"><span class='ocrx_word' id='word_1_36' title='bbox 268 1550 517 1632; x_wconf 88' lang='lat' dir='ltr'>peccatorum,</span> <span class='ocrx_word' id='word_1_37' title='bbox 560 1550 673 1630; x_wconf 90' lang='lat' dir='ltr'>atque</span> <span class='ocrx_word' id='word_1_38' title='bbox 714 1533 927 1609; x_wconf 87' lang='lat' dir='ltr'>caelestium</span> <span class='ocrx_word' id='word_1_39' title='bbox 968 1532 1150 1608; x_wconf 92' lang='lat' dir='ltr'>donorum</span> <span class='ocrx_word' id='word_1_40' title='bbox 1194 1536 1421 1609; x_wconf 88' lang='lat' dir='ltr'>consortium</span> <span class='ocrx_word' id='word_1_41' title='bbox 1464 1560 1547 1610; x_wconf 88' lang='lat' dir='ltr'>esse</span> <span class='ocrx_word' id='word_1_42' title='bbox 1595 1553 1610 1604; x_wconf 86' lang='lat'>5</span> 
     </span>
     <span class='ocr_line' id='line_1_7' title="bbox 269 1677 645 1757; baseline -0.005 -23"><span class='ocrx_word' id='word_1_43' title='bbox 269 1677 537 1757; x_wconf 91' lang='lat' dir='ltr'>percepturum,</span> <span class='ocrx_word' id='word_1_44' title='bbox 568 1685 645 1757; x_wconf 89' lang='lat' dir='ltr'>per.</span> 
     </span>
    </p>
   </div>
   <div class='ocr_carea' id='block_1_4' title="bbox 434 1909 1387 1988">
    <p class='ocr_par' dir='ltr' id='par_1_4' title="bbox 434 1909 1387 1988">
     <span class='ocr_line' id='line_1_8' title="bbox 434 1909 1387 1988; baseline 0.005 -5"><span class='ocrx_word' id='word_1_45' title='bbox 434 1910 637 1984; x_wconf 85' lang='lat' dir='ltr'>ORATIO</span> <span class='ocrx_word' id='word_1_46' title='bbox 667 1909 743 1982; x_wconf 92' lang='lat' dir='ltr'>AD</span> <span class='ocrx_word' id='word_1_47' title='bbox 775 1909 993 1984; x_wconf 86' lang='lat' dir='ltr'>BARBAM</span> <span class='ocrx_word' id='word_1_48' title='bbox 1024 1912 1387 1988; x_wconf 87' lang='lat' dir='ltr'>TONDENDAM.</span> 
     </span>
    </p>
   </div>
   <div class='ocr_carea' id='block_1_5' title="bbox 267 2163 1610 2894">
    <p class='ocr_par' dir='ltr' id='par_1_5' title="bbox 267 2163 1610 2894">
     <span class='ocr_line' id='line_1_9' title="bbox 380 2163 1544 2262; baseline 0 -25"><span class='ocrx_word' id='word_1_49' title='bbox 380 2190 412 2237; x_wconf 88' lang='lat'>2.</span> <span class='ocrx_word' id='word_1_50' title='bbox 439 2164 555 2250; x_wconf 92' lang='lat' dir='ltr'>Deus,</span> <span class='ocrx_word' id='word_1_51' title='bbox 576 2163 679 2236; x_wconf 93' lang='lat' dir='ltr'>cuius</span> <span class='ocrx_word' id='word_1_52' title='bbox 699 2164 826 2260; x_wconf 89' lang='lat' dir='ltr'>spiritu</span> <span class='ocrx_word' id='word_1_53' title='bbox 851 2181 1017 2239; x_wconf 87' lang='lat' dir='ltr'>creatura</span> <span class='ocrx_word' id='word_1_54' title='bbox 1035 2166 1156 2239; x_wconf 89' lang='lat' dir='ltr'>omnis</span> <span class='ocrx_word' id='word_1_55' title='bbox 1177 2164 1304 2239; x_wconf 87' lang='lat' dir='ltr'>adulta</span> <span class='ocrx_word' id='word_1_56' title='bbox 1321 2163 1544 2262; x_wconf 86' lang='lat' dir='ltr'>congaudet,</span> 
     </span>
     <span class='ocr_line' id='line_1_10' title="bbox 269 2290 1549 2388; baseline -0.002 -24"><span class='ocrx_word' id='word_1_57' title='bbox 269 2291 400 2365; x_wconf 89' lang='lat' dir='ltr'>exaudi</span> <span class='ocrx_word' id='word_1_58' title='bbox 436 2315 564 2386; x_wconf 92' lang='lat' dir='ltr'>preces</span> <span class='ocrx_word' id='word_1_59' title='bbox 606 2305 750 2363; x_wconf 90' lang='lat' dir='ltr'>nostras</span> <span class='ocrx_word' id='word_1_60' title='bbox 792 2315 903 2388; x_wconf 90' lang='lat' dir='ltr'>super</span> <span class='ocrx_word' id='word_1_61' title='bbox 935 2290 1031 2364; x_wconf 92' lang='lat' dir='ltr'>hunc</span> <span class='ocrx_word' id='word_1_62' title='bbox 1066 2291 1242 2364; x_wconf 82' lang='lat' dir='ltr'>famulum</span> <span class='ocrx_word' id='word_1_63' title='bbox 1277 2309 1381 2364; x_wconf 91' lang='lat' dir='ltr'>tuum</span> <span class='ocrx_word' id='word_1_64' title='bbox 1418 2290 1465 2362; x_wconf 94' lang='lat' dir='ltr'>N.</span> <span class='ocrx_word' id='word_1_65' title='bbox 1498 2290 1549 2363; x_wconf 93' lang='lat' dir='ltr'>iu·</span> 
     </span>
     <span class='ocr_line' id='line_1_11' title="bbox 267 2415 1610 2516; baseline -0.001 -26"><span class='ocrx_word' id='word_1_66' title='bbox 267 2416 376 2492; x_wconf 91' lang='lat' dir='ltr'>veniIi</span> <span class='ocrx_word' id='word_1_67' title='bbox 412 2433 532 2490; x_wconf 87' lang='lat' dir='ltr'>aetate</span> <span class='ocrx_word' id='word_1_68' title='bbox 564 2415 698 2490; x_wconf 90' lang='lat' dir='ltr'>decore</span> <span class='ocrx_word' id='word_1_69' title='bbox 733 2415 941 2503; x_wconf 86' lang='lat' dir='ltr'>laetantem,</span> <span class='ocrx_word' id='word_1_70' title='bbox 973 2435 1011 2493; x_wconf 91' lang='lat' dir='ltr'>et</span> <span class='ocrx_word' id='word_1_71' title='bbox 1039 2419 1165 2516; x_wconf 92' lang='lat' dir='ltr'>primis</span> <span class='ocrx_word' id='word_1_72' title='bbox 1193 2417 1364 2514; x_wconf 85' lang='lat' dir='ltr'>auspiciis</span> <span class='ocrx_word' id='word_1_73' title='bbox 1392 2415 1439 2491; x_wconf 88' lang='lat' dir='ltr'>ad</span> <span class='ocrx_word' id='word_1_74' title='bbox 1468 2431 1546 2490; x_wconf 93' lang='lat' dir='ltr'>ton·</span> <span class='ocrx_word' id='word_1_75' title='bbox 1578 2445 1610 2481; x_wconf 90' lang='lat'>10</span> 
     </span>
     <span class='ocr_line' id='line_1_12' title="bbox 268 2542 1546 2642; baseline 0.002 -26"><span class='ocrx_word' id='word_1_76' title='bbox 268 2542 442 2629; x_wconf 88' lang='lat' dir='ltr'>dendum,</span> <span class='ocrx_word' id='word_1_77' title='bbox 471 2543 615 2629; x_wconf 84' lang='lat' dir='ltr'>exaudi,</span> <span class='ocrx_word' id='word_1_78' title='bbox 649 2544 826 2618; x_wconf 91' lang='lat' dir='ltr'>Domine:</span> <span class='ocrx_word' id='word_1_79' title='bbox 858 2545 963 2618; x_wconf 92' lang='lat' dir='ltr'>utin</span> <span class='ocrx_word' id='word_1_80' title='bbox 992 2546 1164 2621; x_wconf 94' lang='lat' dir='ltr'>omnibus</span> <span class='ocrx_word' id='word_1_81' title='bbox 1192 2544 1430 2642; x_wconf 87' lang='lat' dir='ltr'>protectionis</span> <span class='ocrx_word' id='word_1_82' title='bbox 1460 2561 1546 2619; x_wconf 87' lang='lat' dir='ltr'>tuae</span> 
     </span>
     <span class='ocr_line' id='line_1_13' title="bbox 270 2661 1609 2767; baseline 0.003 -27"><span class='ocrx_word' id='word_1_83' title='bbox 270 2669 431 2742; x_wconf 90' lang='lat' dir='ltr'>munitus</span> <span class='ocrx_word' id='word_1_84' title='bbox 457 2666 603 2753; x_wconf 86' lang='lat' dir='ltr'>auini0,</span> <span class='ocrx_word' id='word_1_85' title='bbox 633 2667 830 2743; x_wconf 88' lang='lat' dir='ltr'>caelestem</span> <span class='ocrx_word' id='word_1_86' title='bbox 857 2669 1153 2746; x_wconf 89' lang='lat' dir='ltr'>benedictionem</span> <span class='ocrx_word' id='word_1_87' title='bbox 1178 2670 1342 2767; x_wconf 88' lang='lat' dir='ltr'>accipiat,</span> <span class='ocrx_word' id='word_1_88' title='bbox 1373 2687 1411 2744; x_wconf 92' lang='lat' dir='ltr'>et</span> <span class='ocrx_word' id='word_1_89' title='bbox 1440 2695 1548 2767; x_wconf 88' lang='lat' dir='ltr'>prae·</span> <span class='ocrx_word' id='word_1_90' title='bbox 1603 2661 1609 2672; x_wconf 55' lang='lat'><strong>⁹</strong></span> 
     </span>
     <span class='ocr_line' id='line_1_14' title="bbox 270 2794 1316 2894; baseline 0.004 -28"><span class='ocrx_word' id='word_1_91' title='bbox 270 2795 384 2868; x_wconf 89' lang='lat' dir='ltr'>sentis</span> <span class='ocrx_word' id='word_1_92' title='bbox 411 2795 508 2868; x_wconf 89' lang='lat' dir='ltr'>vitae</span> <span class='ocrx_word' id='word_1_93' title='bbox 536 2794 728 2891; x_wconf 89' lang='lat' dir='ltr'>praesidiis</span> <span class='ocrx_word' id='word_1_94' title='bbox 756 2794 929 2892; x_wconf 88' lang='lat' dir='ltr'>gaudeat,</span> <span class='ocrx_word' id='word_1_95' title='bbox 961 2813 999 2870; x_wconf 89' lang='lat' dir='ltr'>et</span> <span class='ocrx_word' id='word_1_96' title='bbox 1025 2814 1208 2884; x_wconf 87' lang='lat' dir='ltr'>aeternae,</span> <span class='ocrx_word' id='word_1_97' title='bbox 1240 2823 1316 2894; x_wconf 92' lang='lat' dir='ltr'>per.</span> 
     </span>
    </p>
   </div>
   <div class='ocr_carea' id='block_1_6' title="bbox 389 3047 1424 3146">
    <p class='ocr_par' dir='ltr' id='par_1_6' title="bbox 389 3047 1424 3146">
     <span class='ocr_line' id='line_1_15' title="bbox 389 3047 1424 3146; baseline 0.005 -27"><span class='ocrx_word' id='word_1_98' title='bbox 389 3047 592 3123; x_wconf 85' lang='lat' dir='ltr'>ORATIO</span> <span class='ocrx_word' id='word_1_99' title='bbox 622 3051 698 3122; x_wconf 90' lang='lat' dir='ltr'>AD</span> <span class='ocrx_word' id='word_1_100' title='bbox 730 3049 1006 3124; x_wconf 84' lang='lat' dir='ltr'>CLERICUM</span> <span class='ocrx_word' id='word_1_101' title='bbox 1038 3047 1424 3146; x_wconf 74' lang='lat' dir='ltr'>FACIENDUM.*)</span> 
     </span>
    </p>
   </div>
   <div class='ocr_carea' id='block_1_7' title="bbox 272 3301 1607 3525">
    <p class='ocr_par' dir='ltr' id='par_1_7' title="bbox 272 3301 1607 3525">
     <span class='ocr_line' id='line_1_16' title="bbox 378 3301 1607 3401; baseline -0.002 -28"><span class='ocrx_word' id='word_1_102' title='bbox 378 3321 411 3391; x_wconf 87' lang='lat'>3.</span> <span class='ocrx_word' id='word_1_103' title='bbox 444 3301 602 3387; x_wconf 86' lang='lat' dir='ltr'>Praesta,</span> <span class='ocrx_word' id='word_1_104' title='bbox 625 3327 860 3399; x_wconf 87' lang='lat' dir='ltr'>quaesumus,</span> <span class='ocrx_word' id='word_1_105' title='bbox 883 3302 1118 3398; x_wconf 90' lang='lat' dir='ltr'>omnipotens</span> <span class='ocrx_word' id='word_1_106' title='bbox 1148 3302 1263 3389; x_wconf 87' lang='lat' dir='ltr'>Deus,</span> <span class='ocrx_word' id='word_1_107' title='bbox 1286 3319 1326 3376; x_wconf 94' lang='lat' dir='ltr'>ut</span> <span class='ocrx_word' id='word_1_108' title='bbox 1355 3303 1434 3401; x_wconf 87' lang='lat' dir='ltr'>(sic)</span> <span class='ocrx_word' id='word_1_109' title='bbox 1464 3302 1547 3376; x_wconf 91' lang='lat' dir='ltr'>huic</span> <span class='ocrx_word' id='word_1_110' title='bbox 1577 3321 1607 3370; x_wconf 83' lang='lat'>15</span> 
     </span>
     <span class='ocr_line' id='line_1_17' title="bbox 272 3423 1549 3525; baseline 0.003 -29"><span class='ocrx_word' id='word_1_111' title='bbox 272 3423 407 3499; x_wconf 83' lang='lat' dir='ltr'>famulo</span> <span class='ocrx_word' id='word_1_112' title='bbox 426 3442 489 3499; x_wconf 94' lang='lat' dir='ltr'>tuo</span> <span class='ocrx_word' id='word_1_113' title='bbox 511 3427 544 3498; x_wconf 86' lang='lat' dir='ltr'>N</span> <span class='ocrx_word' id='word_1_114' title='bbox 551 3485 571 3514; x_wconf 93' lang='lat'>.‚</span> <span class='ocrx_word' id='word_1_115' title='bbox 594 3428 657 3525; x_wconf 91' lang='lat' dir='ltr'>qui</span> <span class='ocrx_word' id='word_1_116' title='bbox 671 3427 719 3500; x_wconf 89' lang='lat' dir='ltr'>ad</span> <span class='ocrx_word' id='word_1_117' title='bbox 734 3427 994 3524; x_wconf 91' lang='lat' dir='ltr'>deponendam</span> <span class='ocrx_word' id='word_1_118' title='bbox 1010 3452 1153 3500; x_wconf 86' lang='lat' dir='ltr'>comam</span> <span class='ocrx_word' id='word_1_119' title='bbox 1174 3427 1302 3523; x_wconf 86' lang='lat' dir='ltr'>capitis</span> <span class='ocrx_word' id='word_1_120' title='bbox 1322 3428 1376 3501; x_wconf 92' lang='lat' dir='ltr'>sui</span> <span class='ocrx_word' id='word_1_121' title='bbox 1398 3443 1549 3524; x_wconf 89' lang='lat' dir='ltr'>propter</span> 
     </span>
    </p>
   </div>
   <div class='ocr_carea' id='block_1_8' title="bbox 341 3711 1548 3930">
    <p class='ocr_par' dir='ltr' id='par_1_8' title="bbox 341 3711 1548 3930">
     <span class='ocr_line' id='line_1_18' title="bbox 411 3711 1548 3781; baseline 0.004 -18"><span class='ocrx_word' id='word_1_122' title='bbox 411 3725 437 3776; x_wconf 86' lang='lat'>3.</span> <span class='ocrx_word' id='word_1_123' title='bbox 459 3711 496 3764; x_wconf 92' lang='lat' dir='ltr'>N.</span> <span class='ocrx_word' id='word_1_124' title='bbox 510 3726 567 3765; x_wconf 87' lang='lat' dir='ltr'>om.</span> <span class='ocrx_word' id='word_1_125' title='bbox 581 3712 614 3765; x_wconf 93' lang='lat' dir='ltr'>C.</span> <span class='ocrx_word' id='word_1_126' title='bbox 631 3741 664 3750; x_wconf 88' lang='lat'><em>-</em></span> <span class='ocrx_word' id='word_1_127' title='bbox 677 3711 815 3765; x_wconf 89' lang='lat' dir='ltr'>tondendi</span> <span class='ocrx_word' id='word_1_128' title='bbox 826 3731 831 3766; x_wconf 93' lang='lat'><strong>:</strong></span> <span class='ocrx_word' id='word_1_129' title='bbox 840 3713 989 3781; x_wconf 78' lang='lat' dir='ltr'>praecedit</span> <span class='ocrx_word' id='word_1_130' title='bbox 1006 3729 1112 3767; x_wconf 79' lang='lat' dir='ltr'>rasura</span> <span class='ocrx_word' id='word_1_131' title='bbox 1131 3713 1219 3768; x_wconf 84' lang='lat' dir='ltr'>liller.</span> <span class='ocrx_word' id='word_1_132' title='bbox 1240 3721 1281 3767; x_wconf 90' lang='lat' dir='ltr'>tu.</span> <span class='ocrx_word' id='word_1_133' title='bbox 1298 3745 1330 3752; x_wconf 94' lang='lat'><em>-</em></span> <span class='ocrx_word' id='word_1_134' title='bbox 1344 3713 1479 3781; x_wconf 83' lang='lat' dir='ltr'>gratiam:</span> <span class='ocrx_word' id='word_1_135' title='bbox 1501 3731 1548 3769; x_wconf 87' lang='lat' dir='ltr'>am</span> 
     </span>
     <span class='ocr_line' id='line_1_19' title="bbox 341 3791 1546 3863; baseline 0.006 -20"><span class='ocrx_word' id='word_1_136' title='bbox 341 3808 366 3844; x_wconf 84' lang='lat'>2.</span> <span class='ocrx_word' id='word_1_137' title='bbox 381 3808 438 3845; x_wconf 84' lang='lat' dir='ltr'>ma.</span> <span class='ocrx_word' id='word_1_138' title='bbox 459 3791 626 3858; x_wconf 75' lang='lat' dir='ltr'>inscrr&#39;plum</span> <span class='ocrx_word' id='word_1_139' title='bbox 648 3791 677 3845; x_wconf 83' lang='lat' dir='ltr'>in</span> <span class='ocrx_word' id='word_1_140' title='bbox 696 3808 739 3846; x_wconf 90' lang='lat' dir='ltr'>ae.</span> <span class='ocrx_word' id='word_1_141' title='bbox 755 3821 789 3834; x_wconf 92' lang='lat'>—</span> <span class='ocrx_word' id='word_1_142' title='bbox 802 3796 828 3848; x_wconf 91' lang='lat'>6.</span> <span class='ocrx_word' id='word_1_143' title='bbox 850 3803 1066 3862; x_wconf 86' lang='lat' dir='ltr'>percepturum:</span> <span class='ocrx_word' id='word_1_144' title='bbox 1087 3810 1165 3848; x_wconf 87' lang='lat' dir='ltr'>corr.</span> <span class='ocrx_word' id='word_1_145' title='bbox 1185 3811 1248 3848; x_wconf 83' lang='lat' dir='ltr'>cum</span> <span class='ocrx_word' id='word_1_146' title='bbox 1264 3796 1302 3848; x_wconf 92' lang='lat' dir='ltr'>C:</span> <span class='ocrx_word' id='word_1_147' title='bbox 1317 3803 1546 3863; x_wconf 86' lang='lat' dir='ltr'>praeceptorum.</span> 
     </span>
     <span class='ocr_line' id='line_1_20' title="bbox 341 3871 1528 3930; baseline 0.006 -7"><span class='ocrx_word' id='word_1_148' title='bbox 341 3899 375 3914; x_wconf 92' lang='lat'>-</span> <span class='ocrx_word' id='word_1_149' title='bbox 394 3875 421 3925; x_wconf 90' lang='lat'>8.</span> <span class='ocrx_word' id='word_1_150' title='bbox 442 3872 552 3926; x_wconf 90' lang='lat' dir='ltr'>omnis:</span> <span class='ocrx_word' id='word_1_151' title='bbox 573 3872 668 3926; x_wconf 86' lang='lat' dir='ltr'>omnis</span> <span class='ocrx_word' id='word_1_152' title='bbox 686 3871 864 3928; x_wconf 79' lang='lat' dir='ltr'>IncrementI.</span> <span class='ocrx_word' id='word_1_153' title='bbox 885 3877 918 3929; x_wconf 91' lang='lat' dir='ltr'>C.</span> <span class='ocrx_word' id='word_1_154' title='bbox 940 3905 974 3914; x_wconf 92' lang='lat'>-</span> <span class='ocrx_word' id='word_1_155' title='bbox 997 3878 1038 3929; x_wconf 88' lang='lat'>16.</span> <span class='ocrx_word' id='word_1_156' title='bbox 1059 3891 1188 3929; x_wconf 85' lang='lat' dir='ltr'>comam:</span> <span class='ocrx_word' id='word_1_157' title='bbox 1209 3892 1287 3930; x_wconf 89' lang='lat' dir='ltr'>corr.</span> <span class='ocrx_word' id='word_1_158' title='bbox 1317 3892 1357 3929; x_wconf 82' lang='lat' dir='ltr'>ex</span> <span class='ocrx_word' id='word_1_159' title='bbox 1375 3892 1528 3930; x_wconf 83' lang='lat' dir='ltr'>commam.</span> 
     </span>
    </p>
   </div>
   <div class='ocr_carea' id='block_1_9' title="bbox 271 4127 1550 5202">
    <p class='ocr_par' dir='ltr' id='par_1_9' title="bbox 271 4127 1548 4700">
     <span class='ocr_line' id='line_1_21' title="bbox 320 4127 1548 4210; baseline 0.003 -22"><span class='ocrx_word' id='word_1_160' title='bbox 320 4147 345 4188; x_wconf 91' lang='lat'>1.</span> <span class='ocrx_word' id='word_1_161' title='bbox 370 4127 448 4189; x_wconf 94' lang='lat' dir='ltr'>Ord.</span> <span class='ocrx_word' id='word_1_162' title='bbox 475 4130 566 4190; x_wconf 90' lang='lat' dir='ltr'>Rom.</span> <span class='ocrx_word' id='word_1_163' title='bbox 594 4149 644 4208; x_wconf 87' lang='lat'>93,</span> <span class='ocrx_word' id='word_1_164' title='bbox 671 4130 755 4190; x_wconf 87' lang='lat' dir='ltr'>Men.</span> <span class='ocrx_word' id='word_1_165' title='bbox 776 4149 848 4208; x_wconf 84' lang='lat'>234,</span> <span class='ocrx_word' id='word_1_166' title='bbox 868 4130 950 4192; x_wconf 88' lang='lat' dir='ltr'>Mur.</span> <span class='ocrx_word' id='word_1_167' title='bbox 972 4135 1044 4208; x_wconf 85' lang='lat'>265,</span> <span class='ocrx_word' id='word_1_168' title='bbox 1070 4131 1164 4192; x_wconf 87' lang='lat' dir='ltr'>Gerb.</span> <span class='ocrx_word' id='word_1_169' title='bbox 1184 4136 1235 4209; x_wconf 88' lang='lat'>46,</span> <span class='ocrx_word' id='word_1_170' title='bbox 1255 4143 1309 4210; x_wconf 64' lang='lat' dir='ltr'>94ss</span> <span class='ocrx_word' id='word_1_171' title='bbox 1353 4128 1387 4210; x_wconf 74' lang='lat'>*)</span> <span class='ocrx_word' id='word_1_172' title='bbox 1412 4131 1456 4192; x_wconf 94' lang='lat' dir='ltr'>Ut</span> <span class='ocrx_word' id='word_1_173' title='bbox 1471 4131 1548 4194; x_wconf 89' lang='lat' dir='ltr'>scite</span> 
     </span>
     <span class='ocr_line' id='line_1_22' title="bbox 272 4223 1548 4308; baseline 0.004 -22"><span class='ocrx_word' id='word_1_174' title='bbox 272 4223 406 4288; x_wconf 87' lang='lat' dir='ltr'>advertit</span> <span class='ocrx_word' id='word_1_175' title='bbox 429 4227 571 4288; x_wconf 84' lang='lat' dir='ltr'>Menard</span> <span class='ocrx_word' id='word_1_176' title='bbox 590 4227 622 4288; x_wconf 96' lang='lat' dir='ltr'>in</span> <span class='ocrx_word' id='word_1_177' title='bbox 646 4240 721 4289; x_wconf 88' lang='lat' dir='ltr'>nota</span> <span class='ocrx_word' id='word_1_178' title='bbox 745 4247 804 4304; x_wconf 89' lang='lat'>901</span> <span class='ocrx_word' id='word_1_179' title='bbox 832 4227 872 4289; x_wconf 89' lang='lat' dir='ltr'>ad</span> <span class='ocrx_word' id='word_1_180' title='bbox 896 4229 984 4290; x_wconf 85' lang='lat' dir='ltr'>Sacr.</span> <span class='ocrx_word' id='word_1_181' title='bbox 1019 4231 1127 4308; x_wconf 73' lang='lat' dir='ltr'>Greg,</span> <span class='ocrx_word' id='word_1_182' title='bbox 1153 4231 1212 4292; x_wconf 88' lang='lat' dir='ltr'>hoc</span> <span class='ocrx_word' id='word_1_183' title='bbox 1236 4229 1306 4290; x_wconf 90' lang='lat' dir='ltr'>Ioco</span> <span class='ocrx_word' id='word_1_184' title='bbox 1329 4229 1548 4292; x_wconf 85' lang='lat' dir='ltr'>subaudienda</span> 
     </span>
     <span class='ocr_line' id='line_1_23' title="bbox 271 4326 1548 4406; baseline 0.005 -23"><span class='ocrx_word' id='word_1_185' title='bbox 271 4332 318 4384; x_wconf 87' lang='lat' dir='ltr'>est</span> <span class='ocrx_word' id='word_1_186' title='bbox 340 4344 416 4386; x_wconf 87' lang='lat' dir='ltr'>vox:</span> <span class='ocrx_word' id='word_1_187' title='bbox 441 4326 637 4388; x_wconf 83' lang='lat' dir='ltr'>incidendam</span> <span class='ocrx_word' id='word_1_188' title='bbox 658 4350 676 4383; x_wconf 79' lang='lat'><strong>«</strong></span> <span class='ocrx_word' id='word_1_189' title='bbox 692 4326 779 4406; x_wconf 93' lang='lat' dir='ltr'>quod</span> <span class='ocrx_word' id='word_1_190' title='bbox 802 4326 993 4388; x_wconf 87' lang='lat' dir='ltr'>vocabulum</span> <span class='ocrx_word' id='word_1_191' title='bbox 1018 4327 1152 4390; x_wconf 90' lang='lat' dir='ltr'>habetur</span> <span class='ocrx_word' id='word_1_192' title='bbox 1176 4327 1207 4389; x_wconf 93' lang='lat' dir='ltr'>in</span> <span class='ocrx_word' id='word_1_193' title='bbox 1233 4328 1311 4389; x_wconf 93' lang='lat' dir='ltr'>Ord.</span> <span class='ocrx_word' id='word_1_194' title='bbox 1338 4328 1446 4390; x_wconf 86' lang='lat' dir='ltr'>Rom:</span> <span class='ocrx_word' id='word_1_195' title='bbox 1470 4327 1548 4390; x_wconf 86' lang='lat' dir='ltr'>haec</span> 
     </span>
     <span class='ocr_line' id='line_1_24' title="bbox 276 4422 1547 4510; baseline 0.004 -28"><span class='ocrx_word' id='word_1_196' title='bbox 276 4432 412 4484; x_wconf 82' lang='lat' dir='ltr'>«autem</span> <span class='ocrx_word' id='word_1_197' title='bbox 436 4433 566 4486; x_wconf 87' lang='lat' dir='ltr'>tonsura</span> <span class='ocrx_word' id='word_1_198' title='bbox 589 4445 653 4486; x_wconf 94' lang='lat' dir='ltr'>non</span> <span class='ocrx_word' id='word_1_199' title='bbox 676 4434 724 4486; x_wconf 93' lang='lat' dir='ltr'>est</span> <span class='ocrx_word' id='word_1_200' title='bbox 747 4423 801 4485; x_wconf 88' lang='lat' dir='ltr'>illa</span> <span class='ocrx_word' id='word_1_201' title='bbox 824 4422 977 4487; x_wconf 87' lang='lat' dir='ltr'>clericalis</span> <span class='ocrx_word' id='word_1_202' title='bbox 1001 4423 1072 4510; x_wconf 89' lang='lat' dir='ltr'>(pro</span> <span class='ocrx_word' id='word_1_203' title='bbox 1095 4445 1159 4505; x_wconf 89' lang='lat' dir='ltr'>qua</span> <span class='ocrx_word' id='word_1_204' title='bbox 1183 4425 1214 4487; x_wconf 91' lang='lat' dir='ltr'>in</span> <span class='ocrx_word' id='word_1_205' title='bbox 1238 4426 1308 4488; x_wconf 95' lang='lat' dir='ltr'>cod.</span> <span class='ocrx_word' id='word_1_206' title='bbox 1334 4436 1442 4488; x_wconf 93' lang='lat' dir='ltr'>nostro</span> <span class='ocrx_word' id='word_1_207' title='bbox 1466 4425 1547 4488; x_wconf 82' lang='lat' dir='ltr'>insta</span> 
     </span>
     <span class='ocr_line' id='line_1_25' title="bbox 276 4519 1548 4608; baseline 0.002 -28"><span class='ocrx_word' id='word_1_208' title='bbox 276 4519 443 4583; x_wconf 87' lang='lat' dir='ltr'>«habetur</span> <span class='ocrx_word' id='word_1_209' title='bbox 465 4522 555 4583; x_wconf 93' lang='lat' dir='ltr'>Ordo</span> <span class='ocrx_word' id='word_1_210' title='bbox 578 4521 738 4608; x_wconf 85' lang='lat' dir='ltr'>proprius)</span> <span class='ocrx_word' id='word_1_211' title='bbox 768 4521 824 4584; x_wconf 89' lang='lat' dir='ltr'>sed</span> <span class='ocrx_word' id='word_1_212' title='bbox 848 4542 1029 4602; x_wconf 88' lang='lat' dir='ltr'>puerorum,</span> <span class='ocrx_word' id='word_1_213' title='bbox 1062 4543 1134 4586; x_wconf 93' lang='lat' dir='ltr'>cum</span> <span class='ocrx_word' id='word_1_214' title='bbox 1166 4523 1303 4604; x_wconf 91' lang='lat' dir='ltr'>primum</span> <span class='ocrx_word' id='word_1_215' title='bbox 1335 4523 1548 4586; x_wconf 89' lang='lat' dir='ltr'>tondebantur</span> 
     </span>
     <span class='ocr_line' id='line_1_26' title="bbox 276 4620 600 4700; baseline 0.015 -23"><span class='ocrx_word' id='word_1_216' title='bbox 276 4641 292 4671; x_wconf 83' lang='lat'><strong>«</strong></span> <span class='ocrx_word' id='word_1_217' title='bbox 308 4637 416 4680; x_wconf 90' lang='lat' dir='ltr'>eorum</span> <span class='ocrx_word' id='word_1_218' title='bbox 440 4620 546 4700; x_wconf 89' lang='lat' dir='ltr'>capilli</span> <span class='ocrx_word' id='word_1_219' title='bbox 570 4647 600 4682; x_wconf 83' lang='lat'>».</span> 
     </span>
    </p>

    <p class='ocr_par' dir='ltr' id='par_1_10' title="bbox 273 4718 1546 4899">
     <span class='ocr_line' id='line_1_27' title="bbox 319 4718 1546 4807; baseline 0.003 -29"><span class='ocrx_word' id='word_1_220' title='bbox 319 4735 345 4778; x_wconf 90' lang='lat'>2.</span> <span class='ocrx_word' id='word_1_221' title='bbox 371 4718 450 4780; x_wconf 84' lang='lat' dir='ltr'>Ord.</span> <span class='ocrx_word' id='word_1_222' title='bbox 476 4721 568 4780; x_wconf 87' lang='lat' dir='ltr'>Rom.</span> <span class='ocrx_word' id='word_1_223' title='bbox 602 4741 652 4796; x_wconf 65' lang='lat'>99³</span> <span class='ocrx_word' id='word_1_224' title='bbox 690 4719 760 4782; x_wconf 80' lang='lat' dir='ltr'>Gel.</span> <span class='ocrx_word' id='word_1_225' title='bbox 797 4742 859 4802; x_wconf 82' lang='lat'>743</span> <span class='ocrx_word' id='word_1_226' title='bbox 895 4720 996 4807; x_wconf 82' lang='lat'>(291),</span> <span class='ocrx_word' id='word_1_227' title='bbox 1023 4723 1107 4784; x_wconf 89' lang='lat' dir='ltr'>Men.</span> <span class='ocrx_word' id='word_1_228' title='bbox 1142 4739 1215 4798; x_wconf 84' lang='lat'>235,</span> <span class='ocrx_word' id='word_1_229' title='bbox 1245 4721 1327 4782; x_wconf 86' lang='lat' dir='ltr'>Mur.</span> <span class='ocrx_word' id='word_1_230' title='bbox 1355 4725 1427 4792; x_wconf 90' lang='grc'>266,</span> <span class='ocrx_word' id='word_1_231' title='bbox 1454 4721 1546 4783; x_wconf 87' lang='lat' dir='ltr'>Mart.</span> 
     </span>
     <span class='ocr_line' id='line_1_28' title="bbox 273 4813 959 4899; baseline 0.01 -26"><span class='ocrx_word' id='word_1_232' title='bbox 273 4813 350 4875; x_wconf 90' lang='lat' dir='ltr'>Ord.</span> <span class='ocrx_word' id='word_1_233' title='bbox 374 4816 464 4889; x_wconf 85' lang='lat' dir='ltr'>VIII,</span> <span class='ocrx_word' id='word_1_234' title='bbox 492 4817 587 4879; x_wconf 90' lang='lat' dir='ltr'>Gerb.</span> <span class='ocrx_word' id='word_1_235' title='bbox 614 4818 637 4878; x_wconf 94' lang='lat' dir='ltr'>I.</span> <span class='ocrx_word' id='word_1_236' title='bbox 665 4837 738 4897; x_wconf 85' lang='lat'>257,</span> <span class='ocrx_word' id='word_1_237' title='bbox 764 4819 804 4881; x_wconf 91' lang='lat'>11.</span> <span class='ocrx_word' id='word_1_238' title='bbox 829 4825 882 4897; x_wconf 88' lang='lat'>46,</span> <span class='ocrx_word' id='word_1_239' title='bbox 908 4841 959 4899; x_wconf 83' lang='lat'>94.</span> 
     </span>
    </p>

    <p class='ocr_par' dir='ltr' id='par_1_11' title="bbox 272 4923 1550 5202">
     <span class='ocr_line' id='line_1_29' title="bbox 319 4923 1546 5005; baseline 0.003 -21"><span class='ocrx_word' id='word_1_240' title='bbox 319 4943 348 5000; x_wconf 81' lang='lat'>3.</span> <span class='ocrx_word' id='word_1_241' title='bbox 363 4923 441 4984; x_wconf 92' lang='lat' dir='ltr'>Ord.</span> <span class='ocrx_word' id='word_1_242' title='bbox 460 4925 552 4986; x_wconf 90' lang='lat' dir='ltr'>Rom.</span> <span class='ocrx_word' id='word_1_243' title='bbox 572 4945 623 5002; x_wconf 89' lang='lat'>94,</span> <span class='ocrx_word' id='word_1_244' title='bbox 642 4926 726 4988; x_wconf 88' lang='lat' dir='ltr'>Men.</span> <span class='ocrx_word' id='word_1_245' title='bbox 747 4946 819 5005; x_wconf 85' lang='lat'>213,</span> <span class='ocrx_word' id='word_1_246' title='bbox 839 4929 921 4989; x_wconf 90' lang='lat' dir='ltr'>Mur.</span> <span class='ocrx_word' id='word_1_247' title='bbox 944 4933 1014 4999; x_wconf 88' lang='lat'>182,</span> <span class='ocrx_word' id='word_1_248' title='bbox 1031 4934 1103 4998; x_wconf 91' lang='grc'>266,</span> <span class='ocrx_word' id='word_1_249' title='bbox 1118 4926 1214 4988; x_wconf 91' lang='lat' dir='ltr'>Gerb.</span> <span class='ocrx_word' id='word_1_250' title='bbox 1234 4927 1256 4998; x_wconf 96' lang='lat' dir='ltr'>I,</span> <span class='ocrx_word' id='word_1_251' title='bbox 1277 4931 1350 5004; x_wconf 83' lang='lat'>256,</span> <span class='ocrx_word' id='word_1_252' title='bbox 1369 4926 1409 4998; x_wconf 92' lang='lat' dir='ltr'>II,</span> <span class='ocrx_word' id='word_1_253' title='bbox 1424 4947 1476 5005; x_wconf 87' lang='lat'>44,</span> <span class='ocrx_word' id='word_1_254' title='bbox 1494 4931 1546 5002; x_wconf 89' lang='lat'>46,</span> 
     </span>
     <span class='ocr_line' id='line_1_30' title="bbox 273 5017 1549 5107; baseline 0.002 -25"><span class='ocrx_word' id='word_1_255' title='bbox 273 5040 324 5098; x_wconf 87' lang='lat'>93.</span> <span class='ocrx_word' id='word_1_256' title='bbox 370 5017 403 5107; x_wconf 75' lang='lat' dir='ltr'>*J</span> <span class='ocrx_word' id='word_1_257' title='bbox 423 5021 510 5101; x_wconf 84' lang='lat' dir='ltr'>Quin</span> <span class='ocrx_word' id='word_1_258' title='bbox 533 5021 652 5085; x_wconf 87' lang='lat' dir='ltr'>variam</span> <span class='ocrx_word' id='word_1_259' title='bbox 677 5023 871 5106; x_wconf 84' lang='lat' dir='ltr'>attingamus</span> <span class='ocrx_word' id='word_1_260' title='bbox 894 5025 1060 5088; x_wconf 88' lang='lat' dir='ltr'>universae</span> <span class='ocrx_word' id='word_1_261' title='bbox 1085 5023 1243 5086; x_wconf 87' lang='lat' dir='ltr'>Ecclesiae</span> <span class='ocrx_word' id='word_1_262' title='bbox 1266 5023 1466 5104; x_wconf 88' lang='lat' dir='ltr'>disciplinam</span> <span class='ocrx_word' id='word_1_263' title='bbox 1490 5044 1549 5104; x_wconf 91' lang='lat' dir='ltr'>pro</span> 
     </span>
     <span class='ocr_line' id='line_1_31' title="bbox 272 5117 1550 5202; baseline 0.004 -23"><span class='ocrx_word' id='word_1_264' title='bbox 272 5117 404 5182; x_wconf 87' lang='lat' dir='ltr'>diversis</span> <span class='ocrx_word' id='word_1_265' title='bbox 420 5121 625 5200; x_wconf 87' lang='lat' dir='ltr'>temporibus,</span> <span class='ocrx_word' id='word_1_266' title='bbox 643 5141 706 5184; x_wconf 94' lang='lat' dir='ltr'>non</span> <span class='ocrx_word' id='word_1_267' title='bbox 731 5122 942 5202; x_wconf 74' lang='lat' dir='ltr'>incongruum</span> <span class='ocrx_word' id='word_1_268' title='bbox 960 5123 992 5185; x_wconf 92' lang='lat' dir='ltr'>in</span> <span class='ocrx_word' id='word_1_269' title='bbox 1013 5124 1072 5186; x_wconf 87' lang='lat' dir='ltr'>hac</span> <span class='ocrx_word' id='word_1_270' title='bbox 1095 5143 1129 5185; x_wconf 87' lang='lat' dir='ltr'>re</span> <span class='ocrx_word' id='word_1_271' title='bbox 1152 5121 1301 5185; x_wconf 87' lang='lat' dir='ltr'>ecclesiae</span> <span class='ocrx_word' id='word_1_272' title='bbox 1324 5134 1450 5185; x_wconf 88' lang='lat' dir='ltr'>nostrae</span> <span class='ocrx_word' id='word_1_273' title='bbox 1473 5141 1550 5184; x_wconf 90' lang='lat' dir='ltr'>usus</span> 
     </span>
    </p>
   </div>
   <div class='ocr_carea' id='block_1_10' title="bbox 0 0 2052 6128">
    <p class='ocr_par' dir='ltr' id='par_1_12' title="bbox 0 0 2052 6128">
     <span class='ocr_line' id='line_1_32' title="bbox 0 0 2052 6128; baseline 0 0"><span class='ocrx_word' id='word_1_274' title='bbox 0 0 2052 6128; x_wconf 95' lang='lat' dir='ltr'> </span> 
     </span>
    </p>
   </div>
  </div>
 </body>
</html>
