4078 6126
495 517 773 572 CONSECRATIO
792 520 947 574 SACRAE
968 523 1159 586 VlRGlNlS,
1182 520 1265 578 ETC.
1482 540 1515 590 57

353 793 385 840 2.
416 767 506 840 Item
535 767 742 842 benedictiu-

351 895 467 978 Deus,
498 909 681 967 castorum
701 920 895 992 corporum
918 896 1104 993 benignus
1123 896 1315 982 habitator,
1338 914 1376 971 et
1404 899 1519 972 incor-

244 1038 431 1119 ruptarum
454 1021 559 1094 Deus
582 1037 724 1095 amator
751 1023 971 1108 animarum;
995 1023 1110 1108 DeuS,
1133 1026 1195 1120 qui
1216 1024 1414 1098 humanam
1435 1026 1518 1098 sub·

244 1148 413 1222 stantiam
443 1147 478 1219 in
508 1147 612 1242 primi
642 1146 800 1220 hominis
829 1148 1010 1223 diabolica
1037 1150 1165 1224 fraude
1193 1152 1372 1237 viciatam,
1403 1153 1453 1225 ita
1483 1153 1517 1225 in

245 1275 368 1347 l'erbo
397 1289 471 1358 tu0,
504 1299 570 1369 per
611 1274 712 1371 quod
754 1275 878 1349 omnia
907 1276 1001 1350 lacta
1030 1295 1125 1362 sunt,
1158 1303 1322 1374 reparas
1354 1294 1395 1350 ut
1436 1304 1517 1352 eam
1566 1309 1580 1357 5

245 1426 317 1474 non
346 1398 466 1474 solum
495 1400 542 1474 ad
585 1401 724 1496 primae
765 1401 918 1498 originis
961 1403 1207 1476 innocentiam
1248 1427 1408 1488 revoces,
1453 1403 1519 1476 sed

244 1527 353 1600 etiam
382 1525 430 1599 ad
459 1526 722 1620 experientiam
751 1526 984 1624 quorundam
1013 1528 1206 1614 bonorum,
1232 1554 1328 1626 quae
1358 1529 1393 1601 in
1424 1554 1520 1601 novo

245 1651 392 1727 saeculo
420 1667 507 1726 sunt
538 1651 719 1738 habenda,
756 1653 957 1749 perducas;
987 1669 1026 1727 et
1053 1655 1249 1728 obstrictos
1277 1655 1396 1729 adhuc
1438 1680 1522 1728 con·

244 1781 382 1853 ditione
398 1776 616 1863 mortalium,
634 1779 706 1852 iam
725 1778 772 1852 ad
796 1778 1068 1853 similitudinem
1091 1781 1271 1877 provehas
1290 1782 1518 1879 angelorum,

245 1905 395 2001 respice,
428 1903 600 1988 Domine,
637 1930 748 2000 super
775 1903 869 1978 hanc
889 1904 1061 1979 famulam
1086 1923 1197 1993 tuam,
1219 1933 1316 2003 quae
1345 1908 1381 1978 in
1410 1931 1519 1980 manu
1554 1936 1585 1972 10

246 2050 308 2105 tua
336 2030 583 2104 continentiae
602 2057 692 2104 suae
712 2033 942 2127 propositum
962 2031 1169 2117 conlocans
1201 2033 1265 2106 tibi
1286 2033 1521 2107 devotionem

245 2183 348 2231 suam
378 2155 495 2240 offert,
525 2181 547 2228 a
575 2181 651 2253 quo
680 2157 760 2252 ipsa
787 2175 873 2230 vota
895 2157 1112 2254 adsumpsit.
1136 2158 1298 2252 Quando
1317 2160 1416 2233 enim
1445 2160 1525 2233 ani-

246 2308 327 2354 mus
357 2280 499 2354 mortali
541 2305 651 2354 carue
678 2281 925 2355 circumdatus
962 2282 1086 2380 legem
1116 2300 1285 2370 naturae,
1318 2285 1522 2360 libertatem

247 2407 431 2492 licentiae,
463 2408 535 2478 vim
570 2408 866 2492 consuetudinis,
898 2425 935 2481 et
964 2408 1132 2482 stimulos
1160 2411 1291 2484 aetatis
1320 2413 1520 2496 evinceret,

247 2535 315 2606 nisi
344 2550 381 2607 tu
412 2559 478 2630 per
506 2532 659 2606 liberum
687 2533 876 2606 arbitrium
900 2532 996 2607 hunc
1024 2559 1188 2608 amorem
1217 2537 1435 2634 virginitatis
1455 2535 1523 2611 cle·
1555 2561 1585 2608 15

247 2675 389 2733 menter
416 2658 637 2740 accenderis,
671 2659 737 2731 nisi
767 2675 805 2732 tu
841 2658 934 2733 hanc
967 2659 1205 2756 cupiditatem
1235 2663 1269 2734 in
1299 2664 1379 2736 eius
1412 2663 1523 2737 corde

246 2787 432 2884 benignus
451 2783 579 2870 aleres
603 2786 669 2857 uisi
691 2802 728 2858 tu
750 2785 999 2858 fortitudinem
1024 2786 1248 2860 ministraris.
1276 2788 1404 2862 Effusa
1424 2814 1524 2862 narn·

247 2939 320 3012 que
349 2915 385 2986 in
414 2938 545 2986 omnes
563 2929 695 3010 gentes
724 2913 843 3009 gratia
871 2931 933 2986 tua
954 2939 999 2985 ex
1028 2913 1127 2984 omni
1158 2914 1316 2999 natione,
1348 2941 1444 3011 quae
1468 2933 1524 2988 est

247 3041 317 3113 sub
344 3037 463 3125 caelo,
502 3039 537 3112 in
567 3037 752 3112 stellarum
782 3037 1085 3112 innumerabilem
1122 3064 1313 3112 numerum
1357 3041 1440 3114 novi
1475 3056 1525 3112 te·

246 3166 416 3240 stamenti
441 3164 661 3238 haeredibus
680 3164 876 3260 adoptatis
903 3166 938 3237 in
957 3181 1121 3238 caeteras
1140 3166 1302 3242 virtutes.
1329 3193 1422 3263 quas
1441 3165 1522 3238 liliis
1553 3197 1586 3231 20

246 3293 334 3377 tui5‚
367 3316 440 3364 non
470 3317 516 3362 ex
545 3291 788 3384 sanguinibus
818 3316 884 3363 nec
912 3291 1100 3365 voluntate
1129 3293 1257 3376 carnis,
1287 3291 1352 3363 sed
1382 3294 1429 3364 de
1458 3310 1522 3364 tuo

246 3416 383 3512 Spiritu
413 3415 548 3513 genitis
592 3415 764 3502 indidisti,
796 3417 906 3490 etiam
945 3415 1013 3488 hoc
1042 3415 1180 3490 donum
1211 3416 1246 3488 in
1289 3416 1520 3513 quorundam

245 3560 388 3616 mentes
421 3543 469 3614 de
502 3541 681 3638 largitatis
714 3559 799 3615 tuae
829 3541 929 3615 sonte
958 3540 1132 3625 defluxit;
1163 3559 1200 3614 et
1229 3567 1310 3614 cum
1340 3540 1519 3614 honorem

247 3669 454 3766 nuptiarum
493 3667 591 3741 nulla
620 3667 811 3742 interdicta
852 3667 1080 3752 minuissent,
1124 3693 1165 3741 ac
1208 3693 1320 3764 super
1354 3683 1520 3741 sanctum

244 3795 456 3892 coniugium
487 3793 632 3867 initialis
659 3794 867 3867 benedictio
896 3811 1138 3891 permaneret,
1170 3795 1369 3867 existerent
1397 3809 1521 3866 tamen
1552 3819 1584 3868 25

245 3919 476 3993 sublimiores
504 3920 659 4005 animae,
691 3945 788 4017 quae
830 3921 865 3992 in
895 3921 959 3993 viri
989 3945 1031 3992 ac
1061 3921 1222 3994 mulieris
1250 3919 1382 4017 copula
1425 3919 1521 3992 sasti-

245 4046 365 4121 dirent
401 4047 617 4132 conubium,
649 4047 950 4142 concupiscerent
992 4065 1280 4133 sacranrentunr;
1312 4073 1378 4120 nec
1408 4046 1521 4120 imita-

386 4367 413 4414 4.
435 4349 517 4416 primi
538 4349 676 4402 hominis:
696 4349 795 4416 primis
815 4349 988 4403 nominibus.
1010 4353 1042 4404 C.
1071 4381 1092 4388 -
1123 4365 1148 4414 5.
1170 4367 1233 4402 eam
1257 4366 1313 4403 uou
1332 4349 1442 4402 solum:
1464 4366 1521 4404 uon

316 4431 408 4484 solum
428 4447 502 4484 earn.
517 4433 551 4484 C.
573 4462 604 4468 —
625 4435 651 4482 8.
672 4440 751 4483 sunt:
767 4447 823 4484 om.
845 4432 877 4484 0.
894 4462 926 4469 -
943 4447 984 4496 15.
1006 4430 1175 4484 clementer:
1201 4447 1257 4484 our.
1278 4432 1310 4482 C.
1332 4461 1364 4467 --
1388 4435 1428 4482 16.
1450 4431 1518 4483 uisi:

316 4528 393 4564 corr.
422 4527 462 4564 ea·
490 4527 556 4564 voce
573 4511 635 4564 sine
652 4527 751 4565 senne:
779 4529 842 4564 rose
870 4511 949 4579 isici:
977 4515 998 4565 C
1025 4528 1083 4566 om.
1105 4541 1136 4550 -
1167 4525 1208 4574 17.
1239 4510 1308 4564 uisi:
1338 4527 1394 4564 om.
1424 4513 1456 4564 C.
1487 4541 1521 4550 -

317 4608 456 4659 namque:
472 4609 549 4646 corr.
564 4610 604 4646 ex
617 4609 668 4644 nra
689 4608 772 4660 quae.
793 4623 821 4630 --
844 4609 885 4658 19.
907 4594 951 4648 in:
971 4609 1048 4646 corr.
1069 4609 1109 4646 ea·
1128 4599 1165 4652 et,
1187 4591 1265 4644 utin
1284 4593 1307 4644 C
1326 4591 1462 4645 creditis.
1487 4623 1520 4632 —

318 4690 360 4726 20.
376 4673 420 4726 in:
442 4672 523 4726 inter.
538 4676 571 4726 C.
587 4704 620 4712 -
635 4689 677 4726 21.
694 4689 761 4726 nec:
783 4688 877 4740 neque
889 4691 935 4726 ex.
950 4674 983 4727 C.
1000 4704 1032 4711 --
1048 4690 1090 4726 22.
1105 4671 1303 4739 quorundam:
1318 4671 1468 4738 quasdam.
1484 4674 1516 4727 C.

317 4783 350 4794 -
372 4771 414 4819 23.
437 4755 588 4809 honorem:
609 4771 686 4808 corr.
707 4771 746 4808 en·
767 4755 884 4808 honore.
907 4786 939 4793 —
961 4771 1003 4819 25.
1025 4753 1154 4808 initialis:
1175 4770 1253 4807 corr.
1273 4769 1313 4806 ex
1331 4753 1463 4808 initiales.

292 5043 319 5084 2.
346 5023 424 5083 (lrd.
446 5023 538 5084 Rom.
562 5046 631 5102 159,
651 5028 745 5088 Leon.
765 5051 839 5107 444,
857 5030 926 5092 Gel.
945 5037 1008 5106 629
1024 5033 1125 5106 (1520.
1146 5030 1230 5091 Men.
1254 5035 1322 5106 167,
1344 5031 1426 5091 Mur.
1449 5041 1518 5110 184,

246 5141 319 5198 452,
346 5121 433 5182 Miss.
461 5123 570 5184 Franc.
598 5130 670 5202 674,
696 5126 791 5189 Gerb.
818 5149 869 5207 95,
899 5149 968 5200 101,
996 5131 1087 5190 llart.
1114 5127 1191 5189 Ord.
1219 5128 1241 5198 1,
1268 5128 1308 5200 ll,
1336 5128 1391 5188 111.

1399 5289 1410 5328 ὃ
