4084 6128
546 552 657 606 ORDO
677 553 733 606 AD
754 553 976 608 ECCLESIAM
999 552 1269 606 DEDICANDAM
1531 567 1546 618 5

271 796 404 882 vivum,
426 824 492 895 per
512 800 636 873 Deum
656 817 834 886 sanctum,
853 827 920 898 per
940 801 1065 874 Deum
1085 800 1198 874 totius
1212 816 1411 886 creaturae,
1434 799 1550 896 quite

272 950 338 1020 per
358 924 574 1001 llaeliseum
603 925 843 1024 prophaetam
864 928 900 1001 in
923 953 1058 1024 aquam
1088 927 1181 1000 mitti
1210 926 1316 999 iussit
1343 942 1384 999 ut
1403 941 1550 999 sanaret

271 1050 429 1136 steriles;
459 1053 520 1149 qui
550 1077 617 1148 per
643 1052 853 1150 apostolum
884 1052 1037 1127 Paulum
1061 1051 1182 1126 dicere
1205 1052 1381 1150 dignatus
1398 1067 1472 1124 est:
1503 1051 1549 1122 sit

270 1203 333 1252 cor
351 1195 512 1252 vestrum
536 1177 612 1252 sale
640 1178 840 1253 conditum.
868 1179 1032 1276 Ideoque
1051 1177 1196 1252 efficere
1225 1177 1278 1251 sal
1306 1177 1550 1251 exorcizatum

270 1303 318 1377 ad
332 1302 585 1378 evacuandum
601 1321 638 1377 et
652 1302 912 1401 expellendum
929 1304 1126 1390 inimicum,
1138 1329 1364 1401 omnemque
1378 1304 1549 1376 virtutem

270 1447 309 1504 et
335 1429 567 1526 putredinem
596 1431 686 1503 eius.
720 1431 760 1503 ln
782 1431 931 1504 nomine
955 1430 1106 1504 Domini
1133 1430 1247 1503 nostri
1271 1428 1383 1525 Jhesu
1414 1425 1550 1502 Christi

270 1556 332 1652 qui
361 1573 537 1629 venturus
565 1571 622 1628 est
651 1553 810 1630 iudicare
838 1557 941 1629 vivos
965 1571 1003 1628 et
1025 1571 1190 1629 mortuos
1209 1573 1247 1629 et
1275 1551 1462 1628 saeculum
1485 1577 1552 1648 per

271 1681 408 1778 ignem.
438 1681 688 1779 Respondent:
717 1681 851 1755 Amen.

378 1809 412 1880 8.
444 1807 498 1878 Et
522 1808 644 1880 mz'tlnt
668 1807 729 1880 sal
752 1833 832 1881 cnm
860 1809 976 1881 cinere
1003 1809 1042 1880 z'n
1069 1833 1203 1905 nquam
1218 1803 1256 1905 n)
1285 1807 1421 1880 dr‘cens:

377 1933 554 2006 Exorcizo
588 1950 624 2006 te
666 1949 833 2008 creatura
873 1959 994 2031 aquae
1022 1960 1090 2031 per
1131 1933 1255 2007 Deum
1296 1959 1439 2018 verum,
1485 1959 1551 2030 per

274 2057 397 2130 Deum
425 2057 559 2142 vivum,
591 2084 658 2155 per
681 2058 806 2132 Deum
835 2075 1013 2144 sanctum,
1036 2077 1077 2132 ut
1104 2059 1272 2132 efficiaris
1293 2083 1392 2156 aqua
1410 2075 1547 2142 sancta,

270 2207 369 2279 aqua
396 2183 606 2258 benedicta:
637 2201 679 2257 ut
707 2185 930 2282 ubicumque
954 2184 1035 2259 fusa
1064 2184 1175 2258 fueris
1195 2183 1252 2258 vel
1280 2209 1442 2281 aspersa,
1474 2185 1551 2258 sive

272 2309 309 2382 in
337 2307 465 2395 domo,
497 2309 574 2386 sive
603 2311 639 2384 in
668 2335 777 2408 agro,
808 2310 953 2408 effuges
981 2335 1129 2384 omnem
1159 2310 1370 2396 fantasiam,
1401 2335 1550 2386 omnem

272 2434 404 2508 inimici
434 2452 668 2532 potestatem,
691 2453 732 2510 ut
750 2436 910 2533 Spiritus
929 2453 1079 2511 sanctus
1104 2436 1245 2511 habitet
1273 2437 1308 2510 in
1337 2435 1450 2510 domo
1470 2436 1549 2516 hac.

273 2559 343 2632 Per
370 2559 575 2636 Dominum
601 2579 766 2637 nostrum
792 2563 942 2659 jhesum
974 2561 1172 2646 Christum,
1202 2565 1264 2661 qui
1293 2579 1480 2638 venturus,

378 2711 412 2776 9.
445 2687 586 2762 Deinde
605 2698 724 2787 ponat
749 2691 872 2762 rn'nnm
900 2691 939 2762 r'n
967 2691 1084 2786 rfpsnrn
1108 2715 1242 2786 nquam
1270 2689 1409 2762 dr'cens:

378 2813 533 2888 Creator
573 2832 611 2889 et
652 2833 889 2890 conservator
929 2815 1079 2888 humani
1120 2815 1287 2914 generis,
1322 2815 1429 2890 dator
1469 2841 1551 2914 gra-

270 2939 343 3014 tiae
362 2939 544 3037 spiritalis,
568 2940 720 3040 largitor
737 2959 911 3016 aeternae
930 2940 1068 3027 salutis
1091 2942 1160 3028 Tu,
1188 2942 1361 3028 Domine,
1379 2945 1549 3041 permitte

271 3062 448 3160 Spiritum
474 3081 578 3139 tuum
601 3083 768 3142 sanctum
789 3092 901 3164 super
928 3065 997 3140 hoc
1015 3067 1142 3139 vinum
1163 3091 1246 3140 cum
1265 3091 1364 3164 aqua
1383 3069 1546 3154 mixtum,

272 3205 313 3262 ut
331 3207 511 3265 armatum
525 3193 659 3267 virtute
674 3192 844 3268 caelestis
863 3190 1091 3265 defensionis
1105 3193 1420 3268 consecrationem
1440 3192 1549 3268 huius

415 3471 439 3510 1.
459 3455 547 3512 totius
565 3467 726 3512 creaturae:
747 3475 804 3513 om.
823 3460 856 3514 C.
873 3489 907 3498 -
927 3474 953 3512 π.
973 3466 1087 3512 sanaret
1106 3457 1230 3512 steriles:
1252 3469 1400 3514 sanaretur
1417 3459 1551 3514 sterilitas

341 3551 442 3604 aquae.
457 3538 490 3592 C.
506 3569 539 3578 -
553 3555 580 3605 ³·
601 3538 692 3606 Qui...
711 3555 762 3606 per
780 3538 894 3607 ignem:
919 3539 948 3592 C.
963 3538 1036 3604 legit
1052 3537 1125 3592 utin
1138 3537 1222 3592 Pont.
1237 3539 1324 3594 Rom.
1339 3571 1371 3578 -
1389 3555 1431 3593 12.
1447 3539 1549 3594 fueris:

342 3614 434 3672 fuerit.
463 3619 497 3672 C.
519 3649 553 3658 -
573 3635 616 3686 13.
643 3636 760 3673 omnem
785 3619 904 3682 inimici,
931 3629 1003 3672 etc:
1031 3635 1206 3686 omnemque
1231 3629 1402 3687 potestatem
1431 3619 1549 3682 inimici.

342 3707 502 3764 praestante
518 3699 644 3754 Domino
663 3707 760 3754 nostro
771 3699 860 3770 Jhesu
879 3698 1003 3762 Christo,
1024 3697 1074 3766 qui
1094 3715 1159 3752 cum
1181 3699 1263 3754 Patre
1280 3708 1310 3754 et
1323 3699 1431 3768 Spiritu
1445 3701 1551 3755 Sancto

343 3777 422 3832 vivit.
442 3779 476 3834 C.
497 3809 532 3820 -
554 3782 596 3834 18.
620 3779 750 3848 largitor:
772 3789 859 3849 atque
879 3777 1005 3847 largitor.
1019 3781 1053 3833 C.
1076 3810 1108 3820 -
1127 3779 1261 3835 salutis...
1283 3780 1430 3848 permitte:
1452 3779 1552 3835 salutis

342 3857 422 3914 mitte
441 3861 474 3914 C.
488 3864 538 3914 cet.
554 3877 610 3915 om.
626 3891 660 3902 -
674 3877 718 3916 ιο.
732 3870 887 3915 armatum:
907 3876 985 3914 corr.
1000 3869 1171 3915 exarmata.
1192 3889 1226 3902 -
1238 3861 1343 3916 virtute
1361 3859 1491 3916 caelestis
1502 3859 1552 3914 de-

342 3937 494 3994 fensionis:
515 3941 645 3995 caelestis
667 3940 842 3996 defensionis
865 3940 979 3994 virtute.
1001 3941 1034 3994 C.
1056 3969 1089 3979 -
1112 3941 1369 3996 consecrationem:
1397 3939 1434 3994 ad
1453 3957 1552 3995 conse·

342 4019 507 4074 emtionem.
529 4022 562 4074 t'.

318 4270 346 4330 8.
373 4265 451 4330 Ord.
468 4267 560 4330 Rom.
579 4285 648 4346 ¹45·
697 4263 795 4346 *)Ad
811 4265 1054 4348 intelligentiam
1071 4267 1255 4348 hujusmodi
1272 4267 1417 4330 rubricae
1431 4266 1552 4331 confert

280 4365 351 4426 Ord.
376 4367 468 4428 Rom.
493 4367 514 4428 l.
539 4387 562 4427 c.
593 4388 611 4422 ι
628 4365 669 4428 Et
692 4364 803 4428 miscet
826 4364 923 4428 salem
948 4385 1020 4427 cum
1044 4365 1159 4438 cinere,
1184 4365 1302 4429 faciens
1325 4365 1400 4428 inde
1426 4385 1550 4428 enicem

277 4483 402 4544 «super
422 4463 522 4544 ipsam
546 4483 661 4544 aquam
678 4490 696 4523 ›
715 4483 797 4545 quae
820 4463 1013 4526 conveniunt
1030 4485 1102 4526 cum
1120 4477 1228 4528 nostro
1246 4466 1282 4536 E,
1302 4465 1374 4527 ubi:
1402 4487 1419 4520 «
1437 4483 1552 4545 ...aqua

277 4585 292 4616 «
308 4582 382 4626 vero
399 4561 628 4626 benedicitur...
649 4562 695 4624 sal
710 4583 783 4625 cum
799 4563 905 4624 cinere
922 4561 1100 4624 miscetur...
1119 4563 1154 4625 fit
1170 4583 1247 4626 cmx
1262 4576 1310 4627 ter
1325 4582 1420 4643 super
1435 4582 1550 4642 aquam

277 4683 293 4716 α
308 4671 339 4722 et
361 4661 458 4724 salem
482 4673 514 4724 et
537 4661 673 4723 cinerem
703 4661 796 4740 (sorte
823 4660 973 4723 dicendo:
996 4668 1060 4741 per
1084 4664 1191 4724 Deum
1218 4683 1335 4734 nerum,
1358 4669 1422 4742 per
1445 4662 1552 4722 Deum

277 4762 415 4821 «vinnm
437 4763 543 4838 etc)...
570 4759 656 4822 Huic
679 4759 829 4822 misturae
852 4769 884 4821 et
907 4759 1017 4820 vinum
1040 4760 1211 4822 additur».

317 4878 346 4934 9.
360 4858 439 4920 Ord.
454 4859 547 4920 Rom.
567 4877 604 4935 14
609 4878 637 4937 5,
651 4858 705 4920 cfr.
724 4859 802 4920 Ord.
820 4879 858 4920 ex
871 4857 957 4920 Sacr.
972 4855 1207 4939 d’Angouleme
1220 4879 1300 4920 saec.
1314 4858 1454 4919 VIII-IX
1466 4857 1552 4938 apud

273 4955 445 5028 Dnckesne,
468 4957 620 5037 On'gines
631 4957 674 5018 du
685 4959 764 5020 culte
775 4953 909 5019 chre'tzim
925 4976 997 5037 pag.
1017 4961 1096 5036 465:
1115 4955 1146 5018 in
1171 4957 1207 5028 C,
1225 4969 1260 5020 ut
1277 4956 1308 5018 in
1322 4957 1400 5018 Ord.
1417 4957 1508 5018 Rom.
1522 4965 1554 5018 et

272 5052 432 5118 aliishaec
442 5069 521 5118 orat.
537 5054 657 5133 incipit:
677 5057 879 5136 Omnipotens
889 5058 1077 5134 sempiterne
1089 5056 1180 5117 Dens
1190 5063 1317 5128 creator,
1331 5067 1389 5118 etc.
1403 5053 1472 5115 Gel.
1488 5059 1552 5116 610

272 5155 374 5228 (133),
400 5152 486 5213 Miss.
513 5153 624 5213 Franc.
650 5163 723 5230 077,
751 5155 834 5215 Men.
865 5159 934 5230 148,
962 5153 1043 5214 Mur.
1069 5171 1143 5232 475,
1170 5154 1263 5215 Mart.
1288 5152 1367 5215 Ord.
1395 5153 1417 5224 1,
1444 5153 1485 5214 ll.
