4084 6128
801 517 1027 568 PRAEFATIO

275 782 409 853 siarum
429 779 621 852 ordinibus
649 806 715 876 pro
744 780 876 852 eodem
907 781 1147 852 Sacramento
1176 779 1232 851 vel
1263 779 1331 852 ritu
1353 803 1558 852 sacramen-

274 906 347 990 tali,
369 907 495 979 haberi
516 906 655 978 debent
675 923 715 978 ut
734 923 858 1002 partes
878 906 1139 1001 primigeniae:
1161 905 1243 977 illae
1262 931 1350 978 uero
1370 907 1556 978 orationes

274 1049 312 1104 et
330 1032 421 1104 ritus
439 1031 502 1128 qui
523 1057 598 1104 non
628 1057 776 1126 semper
804 1031 925 1113 iidem,
956 1031 1012 1103 vel
1044 1033 1078 1103 in
1109 1031 1264 1104 diversis
1293 1031 1484 1105 ordinibus
1505 1059 1556 1106 re·

274 1158 436 1253 spective
455 1156 503 1229 ad
523 1174 645 1253 partes
665 1156 882 1229 essentiales
901 1156 1012 1228 alium
1032 1155 1153 1229 locum
1179 1158 1358 1242 obtinent,
1391 1158 1557 1254 prolecto

274 1283 448 1356 censendi
478 1299 565 1356 sunt
592 1300 632 1356 ut
654 1283 863 1356 additiones
884 1283 1118 1377 posteriores,
1141 1283 1197 1355 vel
1219 1284 1468 1357 institutiones
1492 1309 1558 1380 pe-

274 1408 418 1482 culiaris
449 1408 645 1492 Ecclesiae,
677 1409 724 1482 ad
744 1434 856 1506 quam
877 1408 1024 1481 codices
1044 1409 1197 1481 easdem
1216 1409 1426 1482 additiones
1455 1409 1559 1482 exhi-

276 1537 407 1608 bentes
430 1537 630 1632 pertinent;
656 1536 704 1607 ita
733 1552 773 1607 ut
801 1535 906 1630 origo
937 1533 1078 1607 illorum
1108 1535 1292 1618 ordinum,
1324 1534 1468 1608 selectis
1496 1535 1559 1607 ad-

277 1661 487 1741 ditionibus,
511 1659 614 1732 sacile
635 1661 743 1733 statui
774 1661 933 1755 possint:
963 1677 1000 1732 et
1021 1660 1056 1731 in
1077 1686 1162 1732 casn
1186 1677 1311 1732 nostro
1333 1685 1405 1732 non
1427 1660 1556 1732 dubito

276 1813 440 1859 asserere
462 1785 673 1861 l'ontificale
696 1785 977 1858 :llediolanense
998 1786 1185 1858 Ecclesiae
1210 1787 1402 1859 Romanae
1432 1787 1557 1860 Sacra-

279 1913 496 1984 mentarium
526 1928 668 2007 patrem
696 1911 883 1984 habuisse.

385 2038 426 2110 ld
455 2039 565 2110 etiam
587 2037 824 2110 confirmatur
851 2064 896 2110 ex
924 2037 1181 2111 collationibus
1201 2038 1310 2111 huius
1335 2038 1558 2112 l’ontificalis

277 2190 360 2237 cum
379 2163 459 2236 aliis
479 2164 745 2261 antiquissimis
771 2164 1044 2238 pontificalibus
1066 2164 1300 2237 ecclesiarum
1322 2165 1553 2248 dissitarum;

279 2290 478 2374 nonenim,
496 2315 552 2362 ex.
570 2315 637 2386 gr,
656 2306 757 2362 tanta
780 2289 940 2362 affinitas
959 2289 1094 2362 codicis
1115 2291 1228 2361 nostri
1252 2317 1334 2362 cum
1357 2290 1557 2363 l'ontificali

281 2415 437 2510 lzgrhcru'
449 2415 693 2496 Eboracensz's,
712 2441 807 2488 saec.
826 2417 927 2500 VIll,
946 2415 1156 2512 explicatur,
1175 2442 1286 2512 quam
1303 2441 1413 2489 unam
1429 2417 1561 2488 utrius-

279 2566 352 2637 que
381 2541 562 2637 originem
583 2541 658 2612 sive
680 2540 818 2613 sontem
838 2541 1042 2636 repetendo
1064 2542 1098 2614 in
1120 2541 1415 2614 Sacramentario
1437 2541 1560 2615 Eccle—

280 2667 355 2739 siae
377 2667 578 2744 Romanae.
603 2691 717 2762 aqua
743 2667 1016 2740 Eboracensem
1047 2666 1250 2741 Ecclesiam
1278 2693 1360 2741 cum
1389 2669 1559 2741 universa

281 2792 418 2889 rlnglia
447 2792 557 2864 fidem
586 2809 623 2864 et
652 2791 884 2889 evangelium
915 2794 1097 2889 recepisse
1126 2819 1256 2866 omnes
1285 2811 1431 2867 norunt.

389 2919 475 2990 Non
492 2919 705 2990 immorarer
722 2919 756 2990 in
774 2918 840 3002 his,
860 2919 927 2990 nisi
948 2919 1068 2991 adhuc
1088 2936 1255 2993 extarent
1273 2920 1336 3014 qui
1356 2919 1404 2991 ab
1418 2921 1559 2992 oriente

282 3061 442 3117 nostram
471 3044 655 3141 liturgiam
691 3060 894 3117 mutuatam
928 3045 1157 3119 contendant
1185 3063 1261 3118 tum
1291 3045 1338 3118 ab
1373 3045 1560 3142 episcopis

282 3171 425 3251 nostris,
451 3171 579 3266 quiex
607 3171 750 3266 graecis
779 3171 852 3243 oris
880 3171 928 3243 ad
952 3197 1020 3244 nos
1044 3173 1169 3268 primis
1195 3171 1382 3244 Ecclesiae
1403 3170 1558 3246 saeculis

281 3313 469 3377 venerunt,
502 3314 578 3368 tum
608 3323 654 3369 ex
681 3298 902 3370 commercio
931 3298 1117 3371 :lmbrosii
1154 3299 1267 3398 nostri
1303 3324 1386 3370 cum
1422 3323 1560 3394 magno

285 3422 437 3507 Basilio;
469 3449 541 3496 non
572 3424 768 3497 advertunt
796 3425 893 3496 enirn
923 3440 960 3496 et
984 3424 1100 3519 ipsam
1132 3425 1338 3497 Romanam
1367 3423 1558 3497 ecclesiam

282 3547 403 3643 plures
431 3575 543 3645 quam
573 3567 735 3622 nostram
766 3549 939 3622 babuisse
971 3549 1166 3622 Pontifices
1194 3574 1349 3646 graecos
1378 3566 1415 3622 et
1443 3550 1561 3622 orien-

282 3673 382 3758 tales
406 3675 528 3755 immo,
560 3675 686 3770 primis
710 3674 865 3747 saeculis
885 3675 996 3748 etiam
1015 3675 1179 3770 lingnam
1201 3701 1371 3772 graecam
1394 3675 1428 3748 in
1460 3701 1561 3748 sacra

281 3797 426 3896 liturgia
454 3799 679 3872 adhibuisse.

390 3927 628 4023 Praecipuam
644 3945 785 4023 partem
816 3927 1043 4021 l’oulg'ficalr's
1066 3929 1244 4000 lz'cclesiae
1263 3928 1557 4006 rlledioluucnsrs,

282 4053 382 4149 quod
403 4079 500 4126 nunc
527 4054 657 4134 editur,
689 4055 902 4150 suppeditat
917 4054 1034 4126 codex
1054 4055 1362 4150 metropolitanus
1378 4081 1473 4128 saec.
1493 4055 1559 4136 lX,

281 4179 336 4250 cui
366 4180 476 4252 veluti
498 4181 699 4277 Apperrdzssr
720 4180 899 4253 accedunt
920 4180 1084 4253 nonnulli
1123 4181 1279 4253 Ordines
1292 4191 1366 4277 pro
1384 4207 1560 4254 consecra-

281 4297 371 4367 lione
385 4297 553 4378 oleorum,
577 4313 614 4369 et
622 4307 696 4392 pro
716 4297 947 4368 benedisuane
965 4307 1000 4368 el
1017 4299 1240 4369 coronatum
1260 4299 1379 4392 Regis
1398 4307 1432 4369 et
1452 4297 1564 4390 lr'qp'r'·

281 4447 347 4493 nae
375 4422 517 4504 ltaliae,
549 4448 680 4494 omnes
708 4449 754 4494 ex
782 4423 943 4518 antiquis
973 4423 1134 4495 melioris
1164 4440 1274 4496 notae
1304 4422 1562 4518 manuscriptis

281 4548 467 4620 codicibus
504 4547 690 4620 Ecclesiae
720 4565 868 4621 nostrae
903 4550 1084 4645 excerpti;
1116 4550 1165 4623 ita
1198 4565 1239 4621 ut
1271 4550 1563 4647 complectantur

282 4699 356 4746 nno
384 4672 570 4747 volumine
600 4700 730 4746 omnes
765 4675 994 4770 pontificales
1023 4677 1188 4748 actiones
1225 4673 1561 4748 blediolanensium

281 4799 508 4883 Antistitum,
526 4800 717 4898 hucusque
737 4801 848 4873 etiam
869 4802 1106 4897 scriptoribus
1128 4802 1262 4874 nostris
1282 4827 1378 4898 pene
1399 4801 1560 4897 ignotae.

282 4925 329 4997 Et
348 4927 517 5022 quamvis
537 4927 760 4999 documenta
778 4926 934 5010 edenda,
952 4953 1035 5000 cum
1055 4927 1135 5000 aliis
1153 4925 1305 5000 aliarum
1326 4925 1561 4999 ecclesiarum

281 5067 317 5122 et
351 5053 566 5148 praesertim
605 5054 806 5136 Romanae,
843 5054 1079 5137 conveniant,
1112 5071 1235 5126 tamen
1268 5053 1413 5150 integra
1446 5050 1564 5148 pros·-
