4084 6128
542 513 653 566 ORDO
672 513 728 566 AD
749 511 971 566 ECCLESIAM
997 510 1268 566 DEDICANDAM
1517 521 1546 560 21

267 762 355 836 mini
385 763 497 837 nostri
523 762 637 859 Jhesu
668 761 804 837 Christi
833 759 1004 860 gerulum
1039 756 1319 842 benedictionis,
1351 752 1550 830 sanctifica·

268 888 378 962 tionis
399 887 588 974 tutamine,
611 887 839 962 detensionis
858 885 1062 961 donatione
1082 882 1234 981 implere
1253 881 1428 980 dignetur
1445 903 1552 954 oran·

267 987 370 1087 tibus¹
394 1013 513 1087 nobis.

374 1146 436 1231 46.
459 1139 550 1212 Item
568 1141 664 1214 altit:
684 1138 935 1237 Omnipotens
959 1139 1076 1225 DeuS,
1099 1135 1262 1211 Trinitas
1281 1131 1545 1231 inseparabilis,

267 1264 438 1339 manibus
467 1265 602 1340 nostris
642 1290 753 1364 opem
788 1280 875 1340 tuae
910 1263 1180 1339 benedictionis
1213 1260 1385 1335 infunde:
1415 1275 1456 1335 ut
1483 1285 1550 1358 per
1596 1299 1611 1348 5

269 1407 431 1466 nostram
446 1391 742 1466 benedictionem
762 1391 831 1465 hoc
845 1389 1034 1465 vasculum
1053 1388 1309 1472 sanctificetur,
1330 1402 1368 1460 et
1386 1386 1550 1483 corporis

268 1514 403 1589 Christi
420 1539 555 1588 novum
571 1513 779 1613 sepulcrum
794 1513 953 1611 Spiritus
968 1513 1083 1588 sancti
1097 1511 1218 1611 gratia
1236 1509 1453 1609 perficiatur,
1471 1535 1547 1606 per.

598 1638 925 1714 BENEDICTIO
956 1636 1213 1736 CRUC18.*)

375 1785 438 1859 47.
455 1766 662 1853 Sanctifica,
681 1766 855 1852 Domine,
873 1764 1103 1864 signaculum
1123 1763 1308 1862 passionis
1326 1778 1412 1836 tuae
1432 1761 1548 1849 istud;

268 1907 310 1964 ut
341 1892 388 1965 sit
429 1892 584 1966 inimicis
613 1893 685 1966 tuis
726 1890 969 1978 obstaculum,
999 1908 1038 1965 et
1065 1890 1301 1965 credentibus
1343 1890 1378 1963 in
1407 1905 1444 1962 te
1473 1889 1548 1962 effi·
1580 1920 1613 1957 10

269 2018 385 2090 ciatur
409 2016 594 2092 vexillum.

377 2148 439 2236 48.
461 2144 554 2217 Item
575 2145 669 2218 altit:
689 2145 884 2243 Rogamus
902 2160 950 2230 te,
970 2144 1132 2219 Domine
1152 2160 1289 2230 sancte,
1313 2141 1421 2217 Pater
1434 2141 1550 2216 omni·

270 2285 414 2366 potens
440 2287 614 2345 aeternae
638 2271 755 2358 Deus,
787 2286 830 2344 ut
860 2269 1025 2369 digneris
1053 2269 1273 2344 benedicere
1308 2268 1378 2343 hoc
1405 2267 1547 2368 lignum

270 2395 404 2470 crucis:
424 2411 466 2470 ut
484 2395 532 2470 sit
550 2396 754 2471 remedium
774 2394 934 2471 salutare
952 2397 1081 2496 generi
1110 2396 1282 2482 humanu,
1308 2397 1355 2471 sit
1382 2395 1548 2470 soliditas

270 2519 366 2606 fidei,
387 2521 594 2618 profectum
613 2522 796 2597 bonorum
815 2547 981 2620 operum,
1004 2521 1211 2621 redemptio
1229 2522 1444 2602 animarum,
1467 2547 1548 2618 pro·
1579 2553 1610 2604 15

270 2645 380 2720 tectio
407 2672 450 2722 ac
478 2646 592 2722 tutela
619 2664 747 2722 contra
774 2673 885 2723 saeva
913 2646 1031 2722 iacula
1059 2647 1297 2734 inimicorum,
1323 2673 1399 2746 per.

378 2795 440 2866 49.
478 2773 569 2846 Item
595 2775 692 2848 alti:
728 2774 979 2870 Omnipotens
1017 2775 1242 2872 sempiterne
1279 2774 1407 2860 Deus,
1446 2773 1549 2848 cuius

272 2916 438 2974 sanctum
470 2917 509 2974 et
536 2899 695 2975 terribile
724 2925 860 2974 nomen
890 2901 984 2974 inter
1010 2915 1152 2974 ceteras
1176 2899 1338 2976 visibiles
1365 2917 1550 2975 creaturas

272 3023 374 3124 ligna
400 3051 551 3124 quoque
579 3027 763 3102 fructifera
790 3025 940 3101 laudare
969 3051 1011 3100 ac
1039 3026 1259 3102 benedicere
1288 3053 1362 3102 non
1385 3044 1550 3114 cessant;

180 3234 183 3242 ,
273 3152 336 3248 qui
363 3152 400 3225 in
420 3151 577 3250 figuram
600 3152 792 3250 Unigeniti
811 3153 865 3227 tui
885 3153 1067 3250 sapientia
1086 3168 1149 3227 tua
1172 3152 1276 3252 ligno
1295 3154 1391 3228 vitae
1410 3179 1432 3228 a
1452 3154 1554 3252 prin·
1582 3193 1616 3230 20

273 3277 368 3374 cipio
395 3278 607 3375 paradisum
635 3278 835 3375 voluptatis
858 3280 1006 3364 ornasti,
1029 3296 1072 3354 ut
1089 3279 1257 3354 eiusdem
1278 3280 1415 3354 fructus
1435 3305 1553 3355 sacro

416 3535 441 3574 1.
455 3519 620 3587 gerulum...
636 3519 769 3588 implere:
784 3519 926 3587 gerulum,
940 3517 1149 3574 benedictionis
1160 3517 1392 3584 sanctificatione,
1407 3519 1554 3575 tutaminis

344 3597 509 3654 defensione
524 3617 557 3655 ac
571 3600 734 3655 devotionis
746 3601 854 3668 gratiae
867 3617 936 3654 suae
954 3599 1083 3667 implere.
1104 3602 1137 3654 C.
1151 3629 1185 3643 -
1196 3616 1223 3666 4.
1244 3601 1317 3655 Item
1329 3601 1405 3656 altit:
1417 3601 1554 3670 Sequitur

343 3681 503 3736 mutto.
524 3683 557 3736 C.
572 3713 606 3722 -
620 3696 646 3746 7.
667 3698 733 3749 per:
756 3684 809 3736 Per
823 3680 982 3735 eundem...
1003 3680 1032 3734 in
1052 3681 1160 3735 unitate
1179 3681 1319 3736 eiusdem.
1339 3684 1422 3736 C..-
1435 3699 1462 3749 9.
1482 3684 1554 3736 San·

344 3761 468 3816 ctifica...
489 3762 640 3816 vexillum:
664 3780 721 3817 om.
743 3763 774 3816 B.
795 3764 828 3817 C.
850 3790 885 3805 -
905 3778 948 3828 14.
963 3761 1101 3816 salutare:
1116 3761 1270 3828 singulare.
1293 3763 1314 3816 B
1333 3763 1367 3818 C.
1381 3795 1415 3803 -
1431 3779 1474 3830 15.
1489 3779 1554 3831 pro-

344 3841 463 3895 tectum:
478 3843 631 3909 prosecms.
648 3843 669 3896 B
688 3845 721 3897 C.
733 3873 767 3882 -
778 3843 930 3910 protectio:
952 3841 1099 3908 profectio.
1116 3842 1152 3906 B;
1167 3841 1313 3910 perfectio.
1334 3845 1367 3897 C.
1379 3872 1414 3887 -
1427 3858 1469 3908 17.
1480 3844 1554 3898 Item

343 3922 411 3976 alib.
432 3922 623 3990 Omnipotens
641 3922 813 3990 sempiterne
833 3924 928 3986 Deus;
950 3925 972 3976 B
990 3925 1064 3977 hunc
1085 3925 1160 3978 orat.
1181 3925 1214 3976 ut
1223 3923 1440 3992 praefationem
1457 3923 1555 3979 habet:

343 4002 433 4056 Dicut
440 4005 554 4058 excelsa
567 4020 648 4058 voce:
668 4003 811 4058 Dominus
824 4003 983 4059 vobiscum.
1001 4003 1116 4057 Etcum
1130 4003 1231 4070 spiritu
1246 4013 1306 4058 tuo.
1321 4005 1441 4058 Sursum
1455 4004 1552 4060 corda.

314 4127 327 4152 ,
345 4083 494 4136 Habemus
512 4083 549 4136 ad
569 4083 737 4138 Dominum.
758 4083 871 4139 Gratias
889 4100 1009 4151 agamus
1029 4083 1157 4139 Domino
1170 4085 1235 4138 Deo
1247 4093 1355 4139 nostro,
1378 4085 1506 4152 Dignum
1525 4095 1554 4140 et

343 4163 453 4231 justum
480 4173 533 4218 est.
560 4164 729 4233 Praefatio:
752 4165 895 4219 Aeternae
923 4166 1014 4220 Deus,
1043 4162 1133 4219 Cuius
1159 4174 1300 4228 sanctum,
1326 4168 1356 4219 ct
1370 4165 1454 4234 reliq.
1473 4169 1508 4220 ut
1524 4166 1554 4220 in

344 4243 382 4298 A.
395 4273 429 4283 -
443 4261 486 4298 ao.
500 4243 584 4312 qui...
599 4245 687 4299 vitae:
703 4245 752 4313 qui
763 4245 893 4312 infigura
905 4245 1070 4312 unigenitae
1082 4244 1239 4311 sapientiae
1252 4255 1318 4299 tuae
1332 4245 1412 4318 ligno
1423 4245 1507 4302 vitae.
1520 4248 1552 4301 Β.

344 4352 378 4365 -
398 4340 442 4378 21.
462 4325 610 4392 eiusdem:
630 4327 694 4394 ejus
713 4327 745 4380 B.
765 4354 800 4369 -
819 4326 1005 4382 sacrosancti:
1026 4335 1216 4382 sacrosancto.
1238 4327 1270 4382 B.

319 4529 370 4604 46.
394 4525 464 4588 Gel.
490 4529 553 4605 613
570 4528 672 4608 (136),
698 4527 794 4591 Gerb.
821 4547 872 4608 50,
898 4528 987 4593 Miss.
1005 4527 1117 4594 Franc.
1143 4533 1217 4600 680,
1245 4528 1337 4590 Mart.
1361 4527 1440 4594 Ord.
1467 4527 1490 4602 l,
1511 4527 1552 4596 ll.

317 4643 368 4703 47.
393 4623 463 4686 Gel.
490 4645 541 4703 51.
592 4622 717 4706 *)Iam
741 4627 774 4688 in
798 4627 1000 4708 praefatione,
1034 4627 1089 4689 ubi
1113 4626 1284 4707 descriptio
1310 4627 1381 4692 cod.
1407 4627 1440 4699 B,
1467 4641 1553 4690 nota·

271 4721 376 4785 vimus
403 4722 597 4786 differentias
627 4724 749 4788 ordinis
776 4725 817 4790 ad
847 4725 1098 4790 benedicendam
1130 4745 1257 4788 crucem
1292 4723 1374 4787 inter
1407 4725 1487 4789 Bet
1510 4729 1551 4800 A;

273 4821 368 4882 modo
389 4819 421 4882 in
445 4821 670 4886 collationibus
692 4824 819 4888 easdem
853 4823 1040 4888 nominatim
1077 4843 1285 4896 recensemus,
1310 4823 1441 4903 quando
1465 4823 1497 4886 in
1522 4827 1552 4886 A

271 4917 399 4981 eaedem
424 4931 597 4982 occurrunt
619 4922 787 4986 orationes.

319 5025 370 5095 48.
394 5017 492 5084 Gerb.
518 5039 569 5098 51,
596 5021 688 5084 Mart.
713 5023 793 5088 Ord.
818 5022 842 5095 l,
870 5020 926 5084 lll.

316 5137 369 5194 49.
393 5116 489 5180 Gerb.
516 5137 567 5196 51,
594 5120 686 5183 Mart.
713 5120 793 5186 Ord.
817 5120 841 5182 l.
