4078 6126
917 524 1183 578 PONTIFICALE
1209 523 1318 576 SAEC.
1348 523 1398 578 IX.

1071 1219 1254 1293 suuuo

575 1381 651 1484 IN
696 1377 1230 1484 DEDICATIONE
1264 1376 1743 1484 ECCLESIAEu

627 1635 962 1732 Quotiescumque,
994 1634 1123 1708 fratres
1160 1633 1381 1720 charissimi,
1412 1634 1538 1708 altaris
1575 1633 1632 1706 vel
1670 1635 1798 1732 templi

520 1760 754 1835 festivitatem
783 1759 947 1846 colimus,
979 1759 1009 1833 si
1030 1759 1195 1835 fideliter
1213 1775 1251 1833 et
1278 1759 1476 1858 diligenter
1493 1761 1740 1846 adtendimus
1762 1778 1801 1834 et

475 1923 490 1973 5
520 1903 646 1962 sancte
675 1911 717 1959 ac
740 1886 841 1982 juste
869 1886 1035 1972 vivimuS,
1058 1885 1232 1982 quicquid
1253 1885 1289 1957 in
1310 1885 1457 1983 templis
1476 1885 1696 1959 manufactis
1723 1886 1802 1984 agi-

520 2029 594 2098 tur,
625 2028 744 2086 totum
778 2011 815 2083 in
851 2010 958 2084 nobis
993 2009 1144 2107 spiritali
1173 2009 1431 2085 aedificatione
1463 2010 1679 2109 completur.
1712 2012 1799 2085 Non

519 2138 618 2211 enim
654 2137 829 2210 mentitus
856 2152 914 2210 est
942 2135 1001 2208 ille
1029 2136 1091 2232 qui
1120 2136 1229 2209 dixit:
1264 2135 1462 2231 Templum
1497 2137 1596 2210 enim
1631 2154 1800 2210 sanctum

520 2281 587 2351 est,
618 2263 720 2362 quod
748 2263 838 2337 estis
860 2287 943 2348 vos;
964 2278 1002 2335 et
1023 2261 1172 2334 iterum:
1205 2262 1365 2335 Nescitis
1387 2263 1476 2359 quia
1493 2288 1650 2359 corpora
1678 2279 1801 2336 vestra

520 2390 698 2488 templum
717 2407 775 2464 est
795 2388 954 2486 Spiritus
973 2388 1106 2462 sancti:
1127 2388 1263 2485 quibus
1286 2388 1424 2461 meritis
1453 2414 1520 2485 per
1540 2389 1698 2486 gratiam
1728 2389 1800 2461 Dei

459 2547 491 2583 10
520 2517 720 2590 meruimus
741 2516 819 2590 fieri
838 2514 1017 2612 templum
1037 2515 1122 2588 Dei.
1145 2513 1336 2608 Quantum
1351 2539 1561 2612 possumuS,
1579 2491 1663 2587 cum
1684 2512 1801 2610 ipsius

519 2641 703 2739 adjutorio
731 2641 956 2727 laboremuS,
989 2666 1055 2714 nec
1085 2641 1191 2715 Deus
1227 2657 1352 2715 noster
1379 2641 1415 2714 in
1445 2640 1585 2737 templo
1613 2665 1699 2726 suo,
1731 2638 1801 2714 hoc

519 2786 577 2842 est
605 2769 641 2842 in
671 2768 778 2841 nobis
806 2769 906 2865 ipsis,
938 2767 1100 2840 inveniat
1118 2767 1220 2864 quod
1244 2766 1372 2840 oculos
1400 2791 1490 2839 suae
1518 2765 1721 2839 maiestatis
1749 2765 1801 2838 ol-

521 2893 663 2981 lendat;
702 2895 769 2968 sed
797 2893 1045 2968 habitaculum
1070 2893 1192 2966 cordis
1229 2893 1342 2969 nostri
1376 2907 1574 2966 evacuetur
1608 2891 1721 2977 vitiis,
1760 2908 1801 2964 ut

519 3021 714 3094 virtutibus
733 3020 936 3118 repleatur;
957 3019 1148 3093 claudatur
1168 3018 1328 3104 diabolo
1360 3037 1398 3094 et
1426 3018 1613 3115 aperiatur
1632 3017 1798 3102 Christo;

460 3183 490 3233 15
520 3131 627 3220 etita
645 3146 866 3233 laboremus,
889 3163 929 3220 ut
949 3147 1056 3220 nobis
1084 3147 1266 3220 bonorum
1294 3145 1632 3243 operumclavibus
1645 3144 1799 3241 januam

500 3274 624 3371 regni
653 3273 821 3348 caelestis
840 3271 982 3370 aperire
994 3273 1198 3369 possimus.
1221 3273 1324 3370 Sicut
1351 3273 1449 3346 enim
1479 3270 1584 3345 malis
1612 3271 1797 3367 operibus,

519 3398 625 3498 quasi
654 3399 875 3496 quibusdam
905 3398 995 3472 seris
1024 3423 1066 3472 ac
1095 3398 1270 3484 vectibus
1301 3398 1398 3471 vitae
1427 3397 1534 3471 nobis
1558 3396 1676 3493 janua
1703 3395 1799 3492 clau-

519 3526 633 3614 ditur,
665 3527 715 3599 ita
743 3527 885 3622 absque
913 3525 1028 3598 dubio
1063 3524 1171 3597 bonis
1206 3524 1382 3623 operibus
1409 3523 1581 3620 aperitur.
1613 3523 1662 3595 Et
1695 3522 1796 3608 ideo,

520 3653 649 3727 iratres
668 3651 881 3735 charissimi,
903 3651 1141 3749 unusquique
1167 3651 1377 3726 consideret
1395 3649 1657 3724 conscientiam
1677 3673 1798 3722 suam:

458 3809 492 3846 20
520 3796 558 3853 et
589 3779 741 3876 quando
775 3804 816 3852 se
849 3777 975 3874 aliquo
992 3778 1157 3852 ¹crimine
1193 3777 1423 3852 vulneratum
1452 3803 1536 3851 esse
1570 3777 1797 3874 cognoverit,

520 3904 621 4001 prius
648 3903 891 3988 orationibus,
918 3901 1079 3998 jejuniis,
1102 3901 1159 3975 vel
1178 3901 1424 3999 aelemosynis
1444 3902 1592 3976 studeat
1620 3900 1800 3974 mundare

520 4029 781 4104 conscientiam
801 4053 925 4117 suam;
946 4046 984 4102 et
998 4029 1091 4102 sicut
1109 4027 1376 4102 Eucharistiam
1396 4045 1608 4126 praesumat
1621 4029 1798 4126 accipere.

521 4157 560 4231 Si
581 4157 679 4230 enim
697 4181 907 4253 agnoscens
926 4170 1068 4229 reatum
1092 4181 1211 4242 suum,
1230 4155 1310 4252 ipse
1330 4181 1370 4228 se
1390 4179 1412 4228 a
1435 4154 1560 4228 divino
1579 4153 1693 4228 altare
1712 4155 1802 4227 sub·
1833 4139 1835 4142 ⁵

666 4431 708 4483 13.
728 4422 899 4469 evacuetur:
919 4429 997 4468 corr.
1018 4428 1057 4467 ex
1076 4421 1240 4467 evacuatur.

565 4649 597 4736 ss)
623 4652 697 4713 Duo
720 4670 881 4714 sermones
899 4649 954 4730 qui
972 4649 1074 4730 prima
1097 4669 1203 4722 manu,
1221 4646 1407 4742 sedlitteris
1422 4646 1656 4718 minutioribus,
1681 4645 1799 4708 exerati

520 4759 628 4811 extant
652 4749 684 4811 in
707 4749 816 4812 codice
844 4758 966 4822 nostr0,
987 4749 1079 4828 juxta
1106 4747 1264 4809 diversam
1293 4745 1458 4808 lectionem
1494 4745 1575 4808 inter
1602 4745 1727 4825 spurios
1748 4744 1799 4805 vel

520 4847 554 4909 S.
579 4847 717 4928 Augusti
742 4848 805 4928 (ed.
830 4849 949 4928 Migne
971 4856 1046 4909 tom.
1073 4866 1124 4925 39,
1148 4845 1219 4908 coll.
1247 4849 1332 4906 2166
1356 4855 1388 4906 et
1412 4848 1511 4925 2171)
1535 4843 1584 4906 vel
1607 4845 1640 4906 S.
1666 4841 1798 4906 Maximi

520 4933 690 5009 Taurinen.
716 4947 779 5026 (ed.
805 4948 929 5027 Migne,
947 4957 1023 5008 tom.
1046 4965 1098 5026 57,
1121 4945 1192 5008 coll.
1209 4951 1273 5024 879
1292 4955 1324 5006 et
1342 4945 1445 5024 seqq.)
1466 4955 1681 5005 recensentur:
1706 4940 1800 5004 lectio

520 5043 640 5108 codicis
662 5045 761 5108 nostri
784 5065 857 5107 cum
881 5043 1016 5108 lectione
1031 5044 1106 5107 edit.
1131 5045 1216 5124 Opp.
1241 5043 1274 5104 S.
1301 5041 1432 5104 Maximi
1456 5040 1633 5113 convenire,
1652 5039 1798 5120 diligenti

521 5143 601 5206 sacta
620 5142 797 5215 collatione,
815 5153 954 5222 apparet.
972 5175 1016 5191 -
1034 5144 1103 5204 Hos
1119 5161 1279 5204 sermones
1296 5141 1357 5202 iarn
1377 5139 1511 5202 indicavi
1530 5139 1561 5200 iu
1579 5161 1608 5202 n.
1629 5159 1679 5218 54,
1698 5161 1727 5220 p.
1747 5158 1797 5215 ²4·
