4078 6126
488 507 521 570 76
884 508 1150 563 PONTIFICALE
1176 508 1286 563 SAEC.
1313 508 1364 562 1x.

486 782 565 842 cas:
595 755 642 829 sit
669 755 717 830 ad
747 770 894 828 nostrae
922 752 1136 827 humilitatis
1165 754 1363 840 introitum,
1386 768 1596 828 sanctorum
1619 771 1765 828 tuorum

486 881 634 965 meritis
666 880 755 978 suga
782 878 1017 962 daemonum,
1048 877 1171 976 angeli
1200 878 1302 974 pacis
1330 877 1531 975 ingressus,
1562 902 1639 973 ρετ.

785 1005 989 1078 ORATIO
1020 1005 1073 1077 IN
1106 1004 1465 1078 DORMITORIO.

595 1156 630 1224 4.
663 1131 834 1216 Benedic,
866 1130 1039 1216 Domine,
1070 1130 1140 1204 hoc
1169 1131 1388 1206 famulorum
1418 1147 1564 1205 tuorum
1592 1131 1765 1204 dormito-

441 1293 456 1344 5
487 1261 595 1346 rium;
611 1261 674 1358 qui
691 1285 765 1332 non
780 1258 919 1332 dormis
939 1283 1060 1354 neque
1079 1257 1267 1345 dormitas,
1284 1259 1347 1356 qui
1367 1257 1531 1331 custodis
1548 1255 1697 1340 lbsrael,
1717 1255 1734 1328 l
1753 1300 1765 1309 -

486 1387 606 1461 mulos
626 1403 710 1461 tuos
728 1387 812 1460 huic
839 1386 966 1460 domui
995 1385 1228 1483 quiescentes
1255 1402 1341 1483 post
1363 1385 1528 1460 laborem
1554 1384 1697 1458 custodi
1717 1385 1764 1456 ab

486 1511 728 1587 inlusionibus
771 1511 1033 1586 fantasmaticis
1066 1511 1247 1585 Satanae:
1284 1510 1480 1610 vigilantes
1516 1525 1553 1583 te
1588 1510 1624 1582 in
1663 1535 1767 1607 prae·

484 1639 601 1736 ceptis
621 1637 693 1713 tuis
713 1639 952 1724 meditentur:
981 1636 1207 1711 dormientes
1235 1653 1272 1711 te
1300 1662 1366 1735 per
1393 1660 1567 1733 soporem
1588 1635 1759 1720 sentiant,

485 1766 547 1861 qui
573 1764 686 1861 Jacob
715 1763 750 1836 in
780 1763 920 1836 somnis
947 1762 1149 1859 apparuisti
1179 1763 1326 1836 innixus
1355 1761 1486 1846 scalae,
1518 1785 1594 1858 per.

423 1916 455 1952 10
530 1889 734 1963 ORATIO
766 1888 853 1962 UBI
884 1887 1231 1961 VESTIMENTA
1261 1886 1713 1960 CONSERVANTUR.

593 2035 626 2106 5.
658 2013 908 2110 Omnipotens
930 2028 969 2085 et
987 2012 1193 2085 misericors
1225 2013 1340 2098 Deus,
1371 2013 1434 2109 qui
1464 2011 1604 2109 populo
1632 2027 1697 2085 tuo
1716 2036 1763 2084 ex

483 2142 660 2238 Aegypto
687 2139 822 2213 educto
849 2139 958 2213 donis
987 2138 1146 2211 mirificis
1180 2138 1364 2213 contulisti
1393 2139 1621 2223 inmeritum;
1651 2138 1763 2210 immo

483 2266 618 2340 ethos
647 2264 804 2340 famulos
831 2266 879 2339 ab
915 2265 1124 2363 ignorantia
1156 2264 1392 2338 tenebrarum
1421 2263 1615 2347 liberatos,
1647 2277 1688 2334 ut
1714 2261 1762 2334 ad

483 2409 635 2467 aeterna
663 2391 885 2489 proveheris
916 2390 1134 2487 temporalia
1162 2390 1261 2464 dona
1288 2390 1418 2463 dicasti
1446 2389 1613 2473 abunde,
1651 2412 1761 2485 quae·

421 2552 452 2600 15
483 2545 628 2604 sumus,
659 2535 712 2592 te:
750 2533 790 2590 ut
824 2517 925 2615 quod
955 2532 1017 2590 tua
1045 2518 1164 2613 pietas
1192 2515 1392 2614 largienter
1425 2516 1479 2589 eis
1514 2514 1658 2597 tribuit,
1689 2511 1763 2585 cle-

483 2659 625 2718 menter
651 2657 855 2727 conservet,
885 2666 962 2737 per.

784 2767 987 2840 ORATIO
1019 2766 1072 2839 IN
1106 2766 1459 2841 REFECTORIO.

589 2902 623 2969 6.
642 2894 892 2991 Omnipotens
907 2908 945 2966 et
959 2893 1164 2966 misericors
1181 2893 1296 2978 Deus,
1319 2893 1380 2990 qui
1398 2891 1555 2967 famulos
1574 2908 1659 2966 tuos
1673 2892 1759 2978 alis;

481 3020 690 3094 relectionis
703 3017 858 3094 carnalis
872 3019 1006 3115 cybum
1021 3016 1078 3091 vel
1093 3033 1233 3115 potum,
1252 3034 1288 3092 te
1307 3019 1561 3102 benedicente,
1578 3044 1661 3092 cum
1680 3043 1762 3116 gra-

420 3173 453 3208 20
481 3147 612 3220 tiarum
641 3145 785 3219 actione
813 3143 1011 3240 accipiant:
1048 3142 1171 3218 hicet
1200 3143 1235 3216 in
1269 3159 1478 3232 aeternum,
1510 3161 1641 3241 perte
1670 3143 1760 3218 salvi

481 3300 565 3348 esse
594 3297 810 3356 mereamur,
841 3296 908 3367 per
929 3287 977 3354 te,
1000 3269 1114 3342 Filius
1135 3270 1207 3343 Dei
1231 3270 1293 3368 qui
1319 3296 1360 3344 es
1382 3271 1600 3345 benedictus
1628 3271 1663 3343 in
1684 3295 1761 3344 sae-

481 3398 562 3475 cula
591 3397 831 3474 saeculorum.
861 3397 997 3470 Amen.

820 3521 1025 3595 ORATIO
1056 3521 1110 3594 IN
1143 3521 1422 3596 CELLARIO.

591 3671 624 3743 7.
637 3651 886 3746 Omnipotens
900 3665 939 3722 et
953 3648 1157 3721 misericors
1174 3649 1290 3734 Deus,
1308 3650 1370 3747 qui
1385 3675 1453 3747 per
1466 3649 1762 3723 cunctadillusus

421 3813 453 3862 25
482 3804 534 3863 es,
553 3776 786 3850 Maiestatem
802 3792 903 3849 tuam
918 3772 1103 3847 humiliter
1116 3773 1372 3870 deprecamur:
1390 3791 1431 3849 ut
1449 3774 1532 3848 huic
1552 3791 1764 3872 promptua-

482 3905 535 3978 rio
553 3904 673 4001 gratia
687 3919 750 3976 tua
768 3901 902 3975 adesse
916 3900 1100 3998 dignetur,
1122 3901 1185 3997 qui
1200 3917 1332 3976 cuncta
1349 3901 1505 3976 adversa
1519 3903 1567 3975 ab
1581 3927 1627 3974 eo
1648 3901 1763 3998 repel-

480 4028 541 4114 lat,
558 4045 596 4102 et
610 4027 837 4102 abundantia
847 4027 923 4126 (sic)
939 4025 1207 4100 benedictionis
1221 4043 1307 4100 tuae
1322 4026 1472 4125 largiter
1486 4027 1665 4113 infundat,
1683 4053 1760 4125 per.

791 4152 995 4226 ORATIO
1026 4151 1079 4225 IN
1112 4151 1457 4229 POCIONARIO.

589 4284 624 4354 8.
656 4279 905 4376 Omnipotens
924 4294 963 4352 et
981 4277 1186 4352 misericors
1207 4279 1323 4366 Deus,
1346 4281 1570 4378 sempiterna
1589 4279 1758 4366 dulced0,

420 4433 455 4484 30
481 4421 519 4480 et
552 4421 703 4480 aeterna
738 4405 914 4492 suavitas,
949 4421 985 4478 te
1014 4402 1198 4478 humiliter
1225 4430 1468 4502 quaesumus:
1499 4423 1540 4481 ut
1566 4406 1636 4480 hoc
1666 4406 1763 4504 poci·

528 4645 532 4655 ·
627 4629 651 4668 1.
672 4613 708 4668 ad
723 4621 835 4668 nostrae
854 4613 1038 4668 humilitatis:
1054 4629 1131 4668 corr.
1145 4630 1185 4668 ex
1198 4613 1272 4668 adeo
1285 4613 1440 4670 humilitas
1454 4645 1488 4656 —
1501 4632 1528 4684 4.
1543 4617 1758 4672 dormitorium:

554 4711 632 4750 corr.
652 4712 691 4750 ex
710 4695 890 4750 dormitorio.
912 4725 944 4734 -
965 4709 990 4760 7.
1010 4695 1228 4749 fantasmaticis:
1248 4711 1326 4750 corr.
1346 4713 1386 4752 ex
1404 4697 1610 4753 fantasmatice.
1635 4729 1668 4738 -
1689 4697 1761 4764 vigi-

556 4777 663 4829 lantes:
683 4793 762 4830 corr.
781 4793 821 4830 ex
841 4775 986 4842 vigilame.
1003 4807 1035 4816 -
1052 4792 1094 4842 19.
1114 4777 1250 4830 camalis:
1271 4792 1349 4832 corr.
1368 4795 1409 4831 ex
1421 4777 1537 4833 carnali.
1552 4809 1586 4818 —
1599 4780 1662 4832 vel:
1681 4795 1759 4833 corr.

555 4856 585 4908 in
603 4860 666 4910 actu
685 4857 849 4924 scriptionis
860 4874 900 4910 ex
913 4864 952 4911 et.
967 4887 1001 4896 -
1014 4873 1059 4922 30.
1080 4857 1135 4910 hoc
1147 4857 1359 4924 pocionarium:
1379 4875 1456 4912 corr.
1470 4875 1510 4913 ex
1524 4859 1570 4912 hic
1582 4859 1758 4926 pocionario.

528 5057 558 5114 4.
585 5037 670 5099 Pam.
695 5042 770 5116 469,
796 5039 878 5100 Mur.
906 5057 978 5116 231,

528 5141 557 5196 6.
583 5135 668 5198 Pam.
693 5143 768 5214 469,
795 5138 876 5198 Mur.
900 5156 972 5214 ²31·

528 5252 557 5312 7.
584 5235 669 5296 Pam.
696 5241 770 5312 469,
795 5236 878 5299 Mur.
906 5255 978 5313 231.
