4084 6128
928 539 1193 594 PONTIFICALE
1217 539 1326 592 SAEC.
1355 539 1407 591 tx,

628 808 660 879 5.
693 787 783 860 Inde
817 787 996 860 benedicat
1024 787 1085 858 sal
1117 795 1151 858 et
1185 810 1319 881 aquam
1360 809 1439 856 enen
1475 785 1592 856 cinere
1627 784 1795 864 mentem,

517 922 552 985 et
576 912 693 985 de'cat:

624 1038 800 1113 Exorcizo
829 1057 864 1114 te
893 1055 1060 1113 creatura
1087 1063 1207 1136 aquae
1228 1039 1263 1112 in
1294 1038 1444 1112 nomine
1473 1036 1546 1110 Dei
1578 1035 1695 1109 Patris
1723 1060 1800 1109 om·

518 1164 728 1262 nipotentis‚
754 1181 791 1238 et
810 1165 846 1239 in
868 1165 1015 1238 nomine
1041 1164 1153 1261 Jhesu
1177 1163 1312 1244 Christi
1335 1162 1415 1237 Filii
1436 1164 1517 1236 eius
1541 1161 1694 1235 Domini
1725 1161 1797 1236 Dei

473 1320 488 1369 ⁵
518 1291 648 1365 nostri:
679 1306 719 1363 ut
747 1289 813 1364 fias
832 1315 930 1388 aqua
958 1291 1160 1365 exorcizata
1182 1290 1231 1364 ad
1259 1289 1498 1388 effugandam
1518 1312 1667 1362 omnem
1697 1305 1798 1385 pote-

517 1433 649 1492 statem
684 1417 827 1503 inimici,
858 1432 897 1490 et
924 1418 1044 1514 ipsum
1073 1417 1259 1490 inimicum
1296 1416 1483 1490 eradicare
1519 1432 1556 1488 et
1584 1414 1798 1511 explantare

516 1569 600 1616 cum
628 1542 771 1642 angelis
800 1544 876 1617 suis
904 1544 1126 1640 apostaticis,
1158 1569 1225 1640 per
1254 1543 1469 1617 Dominum.

626 1676 660 1742 6.
683 1668 769 1743 Alia
791 1669 907 1753 Deus,
937 1669 999 1766 qui
1028 1667 1076 1743 ad
1104 1667 1261 1743 salutem
1289 1668 1439 1742 humani
1461 1667 1611 1766 generis
1640 1669 1799 1742 maxima

519 1819 692 1892 quaeque
707 1812 937 1869 sacramenta
957 1795 992 1867 in
1007 1819 1186 1892 aquarum
1207 1794 1415 1869 substantia
1432 1791 1640 1879 condidisti,
1665 1793 1798 1868 adesto

458 1955 492 1994 ιο
519 1920 811 1995 invocationibus
827 1921 972 2006 nostris,
990 1938 1027 1994 et
1041 1919 1226 1995 elemento
1241 1918 1468 1994 multimodis
1483 1919 1798 2017 purificationibus

519 2062 736 2144 praeparato
764 2047 934 2120 virtutem
963 2063 1049 2121 tuae
1077 2046 1347 2120 benedictionis
1365 2045 1531 2119 effunde:
1564 2061 1606 2119 ut
1632 2062 1799 2120 creatura

517 2174 678 2270 mysterii
698 2173 750 2247 tui
770 2173 834 2246 tibi
854 2173 1019 2247 serviens
1034 2171 1081 2246 ad
1101 2172 1329 2247 abiiciendos
1348 2171 1552 2247 daemones
1572 2166 1798 2270 morbosque

516 2298 709 2397 pellendos
744 2298 890 2374 divinae
918 2297 1060 2396 gratiae
1088 2315 1210 2372 sumat
1243 2297 1430 2372 eflectum:
1474 2314 1516 2372 ut
1551 2296 1727 2395 quicquid
1761 2299 1797 2372 in

516 2425 688 2500 domibus
717 2427 753 2501 in
783 2425 872 2500 locis
901 2423 1071 2498 fidelibus
1091 2424 1182 2499 haec
1209 2424 1310 2499 unda
1339 2424 1564 2522 resparserit,
1596 2441 1719 2498 careat
1747 2425 1798 2500 in-

457 2581 489 2633 ts
516 2552 710 2636 mundicia,
733 2551 908 2626 liberetur
934 2575 956 2624 a
979 2575 1088 2625 noxa.
1120 2551 1207 2624 Non
1232 2548 1301 2624 illic
1326 2548 1489 2624 resideat
1510 2551 1660 2648 spiritus
1689 2550 1796 2646 pesti·

515 2676 606 2764 lens,
625 2703 699 2751 non
718 2701 808 2751 aura
825 2701 1076 2772 corrumpens.
1102 2675 1306 2750 Discedant
1324 2700 1456 2750 omnes
1476 2675 1631 2750 insidiae
1650 2674 1798 2750 latentis

517 2801 661 2888 inimici,
691 2804 787 2877 etsi
816 2800 905 2902 quid
941 2819 999 2875 est
1035 2800 1136 2899 quod
1173 2817 1237 2876 aut
1270 2800 1509 2876 incolumitati
1551 2802 1796 2877 habitantium

516 2928 670 3016 invidet,
708 2946 773 3004 aut
813 2929 944 3028 quieti,
990 2928 1207 3025 aspersione
1245 2927 1354 3002 huius
1392 2953 1514 3026 aquae
1542 2928 1723 3028 effugiat:
1753 2945 1795 3003 ut

515 3053 710 3130 salubritas
729 3081 795 3152 per
824 3055 1093 3129 invocationem
1113 3055 1165 3128 tui
1186 3055 1345 3129 nominis
1365 3056 1528 3152 expetita
1546 3055 1594 3128 ab
1623 3055 1796 3128 omnibus

455 3215 489 3254 ιο
515 3182 564 3256 sit
585 3181 927 3280 impugnationibus
955 3180 1120 3255 defensa.
1153 3181 1237 3254 Per.

624 3327 658 3398 7.
689 3306 893 3380 Benedictio
910 3306 1021 3380 sales:
1042 3305 1218 3380 Exorcizo
1237 3321 1274 3378 te
1293 3322 1459 3380 creatura
1480 3306 1566 3381 salis
1586 3332 1652 3404 per
1673 3307 1796 3380 Deum

660 3625 684 3663 1.
704 3609 861 3664 benedicat:
887 3610 978 3677 suppl.
999 3625 1024 3660 1.
1052 3625 1108 3662 eren.
1135 3615 1196 3677 snp.
1217 3610 1269 3663 lin.
1297 3610 1327 3663 tn
1355 3614 1417 3664 actn
1445 3611 1619 3679 scriptionis.
1639 3639 1673 3652 -
1694 3625 1719 3676 7.
1747 3627 1799 3678 per

588 3689 761 3744 Dominum:
779 3691 833 3744 Per
850 3689 984 3743 virtutem
1006 3691 1042 3742 D.
1065 3689 1101 3742 N.
1125 3689 1148 3744 l.
1169 3691 1214 3752 C.,
1235 3691 1284 3757 qui
1305 3699 1442 3745 venturus
1461 3701 1504 3745 est
1523 3691 1649 3746 iudicare
1669 3691 1750 3746 uiros
1768 3701 1796 3745 et

588 3781 715 3825 mortuos
727 3779 756 3824 et
769 3770 926 3825 saeculum.
936 3771 969 3823 C.
985 3799 1018 3813 -
1035 3786 1076 3823 10.
1091 3770 1251 3825 elemento:
1272 3772 1417 3825 elemento
1431 3771 1507 3826 huic.
1522 3773 1555 3826 C.
1567 3799 1593 3814 -
1608 3787 1650 3826 11.
1662 3771 1794 3826 effunde:

587 3851 716 3906 infunde.
736 3853 769 3906 C.
786 3881 819 3891 -—
835 3867 877 3904 12.
899 3850 1026 3918 mysterii
1044 3848 1100 3903 tui:
1124 3851 1266 3918 mysteriis
1278 3852 1345 3906 tuis
1366 3854 1400 3906 C.
1421 3883 1454 3892 -
1477 3867 1518 3919 13.
1540 3861 1648 3906 sumat:
1664 3869 1743 3906 corr.
1756 3869 1797 3906 ex

587 3941 721 3986 summat.
743 3959 775 3972 -
799 3947 840 3996 14.
862 3931 890 3984 in
910 3930 980 3985 locis
1000 3929 1148 3984 fidelibus:
1170 3931 1209 3992 in,
1228 3931 1270 3984 ns
1283 3931 1313 3985 in
1322 3933 1385 4000 fine
1397 3933 1449 3986 tin.
1468 3939 1567 4000 praec.
1587 3936 1616 3986 et
1632 3932 1695 3986 init.
1720 3948 1797 4000 seq..·

591 4013 617 4066 C
629 4012 713 4080 legit:
732 4011 777 4065 uel
791 4011 819 4064 in
839 4011 908 4065 locis
929 4009 1066 4064 fidelium.
1089 4039 1122 4053 -
1143 4012 1321 4080 resperserit:
1345 4012 1518 4080 resperserit.
1540 4017 1573 4066 C.
1592 4028 1682 4077 -15.
1705 4029 1793 4066 noxa:

588 4094 638 4146 int.
660 4109 678 4145 x
697 4096 725 4146 et
741 4109 758 4145 a
777 4091 838 4145 (τὸν.
860 4092 986 4144 i.-1⁸.
1007 4093 1187 4158 aspersione:
1210 4111 1226 4144 e
1246 4095 1296 4146 nlt.
1317 4109 1394 4147 corr.
1415 4110 1455 4146 et·
1474 4091 1493 4146 i.
1511 4125 1541 4132 -
1564 4093 1664 4160 hujus:
1688 4111 1712 4147 ε,
1737 4111 1793 4146 run.

587 4175 677 4240 suppl.
700 4173 728 4227 h.

517 4455 560 4518 ita
585 4455 621 4518 E.
650 4455 791 4517 Adverte
821 4454 986 4534 utriusque
1018 4453 1136 4515 codicis
1169 4455 1265 4516 verba
1292 4455 1445 4535 «absque
1468 4457 1599 4517 alleluia
1616 4475 1647 4528 »3
1672 4475 1710 4517 ex
1745 4455 1795 4540 pis

517 4563 648 4626 constat,
674 4553 733 4615 nisi
761 4553 890 4614 aliunde
918 4563 1100 4632 suppeteret
1127 4551 1238 4614 notitia
1261 4572 1299 4613 ex
1336 4552 1555 4624 Manualibus,
1592 4573 1654 4614 non
1691 4565 1794 4616 tamen

517 4671 597 4714 saec.
615 4651 646 4713 X
662 4651 904 4732 antiquioribus,
922 4671 1047 4730 semper
1062 4650 1314 4731 quotiescunque
1338 4650 1429 4714 initio
1448 4651 1607 4713 Horarum
1625 4651 1674 4712 vel
1695 4651 1796 4714 cuius-

517 4770 654 4830 cumque
679 4749 813 4813 actionis
835 4749 1001 4811 dicebatur
1028 4751 1118 4810 Dens
1141 4752 1174 4810 in
1197 4751 1393 4829 adjutorium
1417 4769 1489 4811 cum
1528 4751 1649 4820 Gloria,
1679 4749 1794 4820 statim,

518 4857 554 4910 ut
576 4869 670 4918 nunc,
689 4847 884 4910 subdebatur
898 4849 1050 4917 Alleluia,
1074 4846 1169 4910 etiam
1195 4867 1282 4909 more
1306 4848 1453 4908 Ambros.

564 4965 592 5024 5.
618 4947 696 5008 Ord.
722 4947 814 5009 Rom.
845 4965 915 5023 145·
942 4946 1024 5006 Mur.
1050 4951 1124 5022 468,
1150 4945 1245 5007 Gerb.
1273 4951 1324 5024 65.

564 5049 592 5106 6.
619 5044 697 5106 Ord.
724 5045 816 5106 Rom.
839 5063 908 5122 145,
935 5044 1017 5105 Mur.
1042 5049 1117 5121 468,
1143 5043 1238 5105 Gerb.
1264 5049 1338 5121 468,
1366 5045 1457 5106 Mart.
1477 5043 1555 5105 Ord.
1583 5043 1606 5114 l,
1626 5043 1665 5114 ll,
1693 5043 1748 5105 Ill.

564 5163 592 5220 7.
618 5143 696 5204 Ord.
717 5143 808 5204 Rom.
833 5161 902 5220 145,
922 5143 1005 5204 Men.
1029 5161 1098 5218 147,
1119 5143 1200 5202 Mur.
1219 5147 1293 5218 467,
1315 5141 1410 5202 Gerb.
1429 5146 1479 5220 65,
1499 5141 1591 5203 Mart.
1611 5142 1689 5204 Ord.
1709 5141 1748 5202 ll.
