4078 6126
780 507 907 563 INDEX
933 507 1075 563 RERUM

646 1199 885 1306 INDEX
920 1197 1193 1305 RERUM

472 1439 532 1512 IN
578 1437 1028 1511 Pnnurnrrous
1073 1436 1148 1509 Er
1192 1435 1374 1508 noris

769 1634 1071 1697 INSIGNIORUM

816 1803 1026 1811 *-

281 2153 442 2214 Abbatum
466 2149 664 2212 confirmatio
684 2162 715 2212 et
738 2147 867 2210 benedi·

345 2251 409 2314 ctio
423 2250 464 2313 ab
481 2249 649 2329 Episcopis
665 2270 694 2329 p.
715 2269 766 2327 54,
785 2269 817 2314 n.
839 2269 865 2313 1.

281 2349 364 2410 Alba
393 2369 465 2411 cum
492 2347 661 2410 dalmatica
693 2367 793 2427 usque
824 2346 865 2407 ad

347 2467 425 2510 saec.
459 2447 522 2508 XII
558 2445 778 2526 praerogativa
809 2445 868 2506 Or·

346 2546 542 2609 dinariorum
586 2543 745 2607 Ecclesiae
791 2544 867 2604 Me-

345 2645 474 2715 diolan,
489 2643 723 2706 Canonicorum
740 2642 774 2708 S.
792 2641 867 2702 Am·

346 2743 453 2816 brosii,
488 2753 520 2804 ct
547 2743 710 2804 Abbatum
746 2763 776 2822 p.
813 2761 866 2819 40,

347 2863 378 2907 n.
408 2859 457 2919 17.

284 2941 393 3002 Altare
409 2942 530 3002 habens
544 2939 620 3002 olim
638 2940 782 3021 quinque
796 2961 868 3002 con·

344 3039 495 3102 cavitates
503 3039 696 3104 orbiculares
705 3060 763 3119 pro
771 3037 868 3101 sacris

346 3139 549 3201 unctionibus
573 3159 604 3218 p.
630 3146 659 3209 8,
685 3159 716 3203 n.
743 3159 795 3204 20.

279 3237 313 3301 S.
338 3236 500 3300 Ambrosii
525 3235 728 3317 Praepositus
756 3246 788 3297 et
811 3236 867 3297 Ca·

346 3337 466 3412 nonici;
480 3336 523 3422 (v.
536 3339 628 3411 Alba,
645 3346 678 3398 et
701 3339 867 3416 Tonsura.)

279 3435 493 3516 Aquileiensis
542 3448 574 3499 et
617 3432 867 3497 Mediolonensis

346 3536 577 3617 Episcoporum
612 3545 723 3596 mutua
757 3554 866 3597 conse-

345 3634 443 3696 cratio
467 3655 497 3714 p.
524 3654 575 3713 50,
600 3645 666 3700 not.

279 3733 533 3796 Archidiaconus
557 3731 716 3795 Ecclesiae
745 3733 867 3794 Medio

243 3841 260 3850 '
345 3833 450 3899 lanen.
473 3833 668 3896 convocabat
691 3831 866 3912 Episcopos

345 3931 563 4012 suffraganeos
597 3941 629 3993 et
654 3930 775 3994 clerum
807 3952 866 4011 pro

345 4032 498 4094 electione
511 4030 750 4111 Archiepiscopi
765 4053 794 4111 p.
812 4051 863 4109 51,

346 4149 378 4194 n.
402 4149 454 4208 40.

280 4227 548 4308 Archiepiscopus
587 4225 760 4288 Mediolani
806 4227 866 4288 ele-

345 4337 415 4389 ctus
438 4347 456 4388 a
479 4325 689 4406 suffraganeis
712 4336 743 4387 et
770 4323 863 4398 cler0‚

345 4435 545 4488 consecratus
575 4424 651 4486 olim
687 4425 727 4486 ab
762 4423 865 4503 Aqui-

346 4524 448 4597 leien„
465 4533 538 4604 post
553 4543 635 4590 saec.
651 4523 697 4584 Vl
714 4543 733 4584 a
756 4520 866 4584 suffra-

346 4644 450 4704 ganeo
473 4622 622 4703 episcopo
639 4642 670 4700 p.
696 4639 747 4698 50,
773 4640 804 4682 n.
823 4627 863 4697 38

345 4727 388 4803 (v.
406 4727 603 4806 prcopus).

280 4824 545 4904 Archipresbyter
558 4821 742 4893 Mediolani
755 4821 866 4884 absen-

345 4921 640 5001 teArchiepiscopo,
648 4919 759 5000 recipit
769 4920 867 4999 impe·

345 5030 480 5083 ratorem
505 5017 722 5082 coronandum
739 5038 769 5097 p.
792 5037 865 5095 124.

280 5119 472 5192 Benedictio,
490 5139 571 5199 quae
586 5139 605 5179 a
630 5117 664 5183 S.
681 5115 865 5196 Augustino

1041 2155 1150 2224 orabo,
1174 2153 1215 2214 ab
1240 2151 1303 2216 iliis
1325 2155 1509 2214 consecratio
1532 2161 1564 2213 et

1035 2251 1198 2330 praesabb
1209 2251 1445 2331 dicitur.p.XX
1456 2263 1561 2331 etseq.

977 2347 1160 2411 Benedictio
1194 2351 1239 2411 ad
1264 2353 1372 2412 omnia
1401 2348 1564 2429 antiquior

1042 2446 1154 2509 ceteris
1178 2468 1208 2527 p.
1238 2468 1286 2526 13,
1311 2470 1343 2514 n.
1368 2469 1421 2526 31.

977 2545 1218 2610 Benedictiones
1233 2547 1428 2628 episcopales
1441 2547 1473 2609 ln
1489 2547 1563 2609 Mis

1041 2667 1076 2708 sa
1087 2645 1270 2726 pontificali,
1285 2667 1316 2726 p.
1323 2646 1461 2718 XXXII,
1471 2666 1501 2724 p.
1510 2652 1527 2707 8
1533 2666 1561 2724 5,

1043 2767 1073 2808 n.
1103 2767 1131 2811 1.

977 2847 1087 2908 Canon
1120 2846 1237 2908 Missae
1264 2844 1481 2926 Gregorianae
1510 2843 1565 2906 ali·

1043 2945 1174 3025 quando
1199 2945 1230 3007 in
1245 2943 1397 3007 'Ecclesia
1414 2943 1564 3006 mediola-

1044 3043 1133 3106 nensi
1149 3055 1302 3116 servatus,
1319 3042 1374 3105 sed
1391 3042 1497 3104 statim
1518 3041 1565 3102 di-

1043 3142 1159 3204 missus
1182 3163 1212 3222 p.
1239 3149 1290 3220 87,
1315 3161 1345 3203 n.
1370 3136 1422 3207 **.

976 3241 1128 3304 Canonici
1146 3242 1179 3304 S.
1198 3241 1376 3304 Ambrosii:
1394 3243 1437 3320 (v.
1455 3241 1564 3319 Alba.)

976 3339 1284 3402 Catechumenorum
1308 3340 1430 3401 oleum:
1447 3340 1490 3416 (v.
1514 3338 1565 3399 O-

1042 3441 1091 3501 lea
1114 3437 1229 3525 sacra.)

976 3537 1115 3600 Chorus:
1140 3535 1182 3624 (v.
1207 3535 1370 3620 Dzitcom‘.)

976 3634 1133 3708 Chrisma,
1150 3647 1224 3698 ante
1239 3655 1320 3698 saec.
1337 3635 1367 3696 V
1383 3631 1470 3695 omni
1488 3643 1564 3693 tem·

1042 3755 1119 3814 pore
1134 3734 1247 3798 confici
1262 3733 1378 3795 licebat
1391 3766 1432 3777 —
1447 3727 1565 3792 deinde

1041 3845 1166 3896 tantum
1190 3833 1223 3896 in
1247 3832 1355 3895 Coena
1372 3827 1503 3892 Domini
1522 3862 1563 3873 —

1042 3931 1083 3993 de
1116 3931 1281 3994 validitate
1315 3924 1564 3992 consecrationis

1041 4029 1221 4093 chrismatis
1233 4029 1358 4092 Iactaea
1371 4023 1564 4108 presbyteris

1042 4149 1073 4209 Ρ·
1099 4149 1139 4207 93
1164 4139 1196 4190 el
1219 4149 1285 4208 seq.

976 4226 1087 4290 Coeia:
1112 4229 1223 4290 eadem
1247 4249 1284 4290 ac
1307 4226 1435 4308 signum
1460 4244 1491 4303 p.
1513 4241 1561 4299 14,
1651 4223 1657 4236 ’

1042 4349 1074 4394 n.
1099 4349 1140 4406 33
1165 4338 1196 4388 et
1215 4337 1280 4388 not.
1304 4325 1388 4388 circa
1411 4323 1517 4385 linem.

976 4425 1235 4488 Confirmationis
1268 4424 1365 4486 ritum
1400 4417 1564 4484 constituit

1042 4525 1150 4588 unctio
1185 4523 1365 4587 chrismatis
1387 4522 1420 4584 ln
1456 4516 1564 4582 fronti-

1041 4624 1111 4696 bus,
1129 4644 1159 4703 p.
1177 4623 1272 4683 XXII
1289 4631 1322 4684 et
1343 4641 1409 4702 seq.
1427 4655 1468 4666 -
1488 4618 1565 4679 Tra·

1040 4722 1122 4785 ditio
1145 4719 1359 4783 Ambrosiana
1387 4719 1484 4800 hujus
1507 4713 1564 4776 Sa·

1041 4819 1209 4884 cramanti:
1233 4819 1286 4890 ibi,
1312 4825 1394 4884 nola.

974 4918 1200 4982 Consecratio:
1224 4919 1267 4996 (v.
1292 4917 1495 4997 Benedictio.)

974 5017 1148 5081 Coronatio
1163 5035 1286 5096 regum,
1306 5016 1429 5078 Romae
1444 5035 1562 5079 corona

1041 5141 1136 5182 aurea
1152 5141 1170 5182 a
1186 5119 1327 5181 Summis
1345 5119 1562 5192 Pontificibus,
