4078 6126
486 539 535 577 112
737 525 941 579 APPENDIX
961 525 1017 578 ht)
1039 526 1305 580 l'ONTlFICALE
1323 527 1434 581 SAEC.
1457 527 1508 581 lx.

933 1219 960 1356 l
1016 1216 1309 1359 ORDO

588 1475 659 1547 EX
691 1475 892 1550 CODICE
923 1473 1386 1548 METROPOLITANO
1416 1474 1563 1549 SAEC.
1596 1476 1650 1548 XI

934 1944 1131 2017 meurs
1160 1944 1312 2017 ortuo

479 2105 873 2242 QUALITER
901 2105 1056 2208 REX
1082 2103 1468 2210 ORDINARI
1499 2105 1758 2209 DEBET.
1818 2093 1827 2104 ’

434 2399 449 2450 5
593 2382 622 2430 r.
654 2356 904 2452 Omnipotens
932 2373 1081 2430 aeterne
1112 2358 1228 2441 Deus,
1259 2372 1402 2446 creator
1434 2358 1617 2442 omnium,
1649 2358 1762 2454 impe·

480 2499 578 2558 rator
592 2482 835 2580 Angelorum,
853 2507 918 2556 rex
934 2483 1180 2580 regnantium,
1201 2483 1462 2579 Dominusquc
1476 2483 1756 2568 dominantium,

485 2611 548 2708 qui
568 2609 757 2684 Abrabam
777 2609 921 2682 fidelem
948 2609 1123 2683 famulum
1152 2625 1255 2683 tuum
1278 2608 1326 2683 de
1349 2608 1517 2683 hostibus
1536 2607 1760 2706 triumphare

482 2736 608 2821 lecisti,
633 2736 754 2832 Moysi
774 2752 812 2809 et
826 2736 938 2832 Josue
958 2733 1097 2831 populo
1116 2733 1288 2831 praelatis
1309 2733 1544 2832 multiplicem
1573 2735 1759 2808 victoriam

479 2861 646 2946 tribuisti,
679 2859 930 2957 humilemque
952 2860 1073 2934 David
1094 2885 1249 2956 puerum
1273 2877 1377 2933 tuum
1398 2862 1501 2958 regni
1532 2860 1680 2958 fastigio
1703 2887 1760 2933 su-

417 3021 449 3057 10
478 2985 648 3071 blimasti,
676 3003 714 3060 ct
733 2984 973 3059 Salomonem
994 2985 1198 3082 sapientiae
1216 2987 1394 3083 pacisque
1414 2985 1586 3060 ineflabili
1607 3012 1759 3059 munere

477 3112 612 3198 ditasti,
642 3111 793 3208 respice,
825 3105 1063 3209 quaesumus
1088 3111 1134 3184 ad
1156 3137 1284 3207 preces
1304 3110 1518 3184 humilitatis
1539 3127 1702 3198 nostrae;
1722 3129 1759 3184 et

478 3263 590 3334 super
617 3237 714 3310 hunc
743 3236 919 3310 famulum
949 3255 1053 3310 tuum
1082 3235 1143 3322 ill,
1174 3263 1285 3335 quem
1315 3236 1470 3333 supplici
1494 3237 1693 3310 devotione
1723 3237 1759 3308 in¹

477 3388 605 3462 regem
625 3363 807 3461 eligimus
829 3363 1129 3436 benedictionum
1150 3381 1294 3436 tuarum
1313 3363 1412 3437 doua
1427 3364 1463 3436 in
1479 3388 1525 3436 eo
1541 3362 1756 3460 multiplica:

477 3515 638 3587 eumque
666 3490 818 3563 dextera
838 3506 923 3563 tuae
942 3490 1131 3586 potentiae
1160 3514 1308 3585 semper
1330 3505 1367 3563 et
1389 3490 1527 3588 ubique
1556 3489 1755 3564 circumda:

416 3657 446 3705 15
477 3632 661 3714 quatenus
689 3615 864 3713 praedicti
894 3614 1068 3689 Abrahae
1098 3613 1275 3689 fidelitate
1297 3615 1472 3702 firmatus,
1505 3616 1627 3712 llloysi
1658 3641 1759 3689 man-

476 3741 673 3816 suetudine
711 3742 841 3827 lretus,
869 3745 983 3839 Josue
1012 3741 1225 3814 fortitudine
1258 3743 1432 3826 munitus,
1466 3743 1587 3815 David
1617 3742 1758 3816 humili·

476 3883 551 3941 tate
570 3867 761 3952 exaltatus,
785 3866 995 3941 Salomonis
1015 3867 1196 3963 sapientia
1215 3867 1421 3952 decoratus
1443 3868 1507 3942 tibi
1528 3869 1563 3940 in
1584 3868 1757 3941 omnibus

451 3981 629 4089 placeat,
651 4011 689 4066 et
717 4019 784 4089 per
811 3993 993 4066 tramitem
1013 3993 1172 4066 iustitiae
1200 3992 1381 4066 inoffenso
1401 3993 1519 4090 gradu
1540 4018 1687 4090 semper
1707 3993 1757 4065 in-

475 4117 592 4202 cedat,
624 4117 891 4216 ecclesiamque
920 4135 1020 4192 tuam
1048 4117 1225 4214 deinceps
1253 4144 1336 4191 cum
1359 4117 1530 4215 plebibus
1550 4119 1618 4192 sibi
1645 4144 1756 4192 anne·

413 4281 446 4318 20
476 4243 550 4328 xis,
582 4243 632 4316 ita
664 4244 823 4316 enutriat
854 4268 897 4316 ac
925 4243 1071 4328 doceat,
1107 4243 1248 4317 muniat
1276 4259 1313 4316 et
1346 4243 1518 4328 instruat,
1553 4260 1755 4340 contraque

476 4393 607 4441 omnes
626 4366 788 4442 visibiles
806 4386 844 4441 et
863 4368 1062 4442 invisibiles
1091 4368 1217 4442 hostes
1237 4369 1358 4443 eidem
1380 4386 1551 4465 potenter
1570 4369 1755 4466 regaliter-

476 4519 550 4589 que
579 4511 664 4568 tuae
692 4494 835 4567 virtutis
857 4494 1024 4590 regimen
1053 4494 1294 4582 administret,
1324 4513 1361 4570 et
1379 4495 1427 4569 ad
1450 4521 1558 4570 verae
1587 4496 1674 4570 fidei
1693 4523 1754 4592 pa·

476 4618 603 4715 cisque
622 4619 855 4706 concordiam
875 4644 1003 4692 eorum
1023 4621 1178 4706 animos,
1204 4636 1241 4692 te
1260 4621 1476 4718 opitulante,
1501 4622 1693 4696 reformet:
1714 4639 1755 4696 ut

547 4929 567 4981 d
606 4861 645 4980 5ά
666 4845 872 4914 Omnipotens:
893 4847 936 4901 lit.
963 4847 1128 4902 omittatis
1152 4849 1284 4904 nonnihil
1299 4851 1431 4906 decorato
1450 4851 1596 4920 uariisque
1613 4852 1751 4906 coloribus

564 4933 624 4995 eprc
644 4943 664 4981 ι.
1720 4955 1725 4962 ·

526 5147 550 5188 1.
577 5127 655 5188 Ord.
681 5128 774 5189 Rom.
804 5136 873 5206 148,
901 5131 985 5191 Men.
1013 5137 1084 5208 258.
