4084 6128
506 531 523 566 x
1005 513 1284 564 1NTRO1117c110

509 631 677 640 ——.......-.
713 631 718 635 1
747 631 795 635 -——
827 629 842 636 ρ
874 631 928 635 ----
962 630 982 635 -
1000 630 1092 636 -—---
1123 629 1201 635 ——-
1247 629 1369 634 ——-..
1397 630 1428 634 --
1578 628 1633 634 ,.--.
1658 627 1677 632 -.
1704 629 1739 632 -—

507 759 676 844 obtinuit,
707 775 745 832 et
773 758 851 831 iure
875 756 1087 854 postliminii
1117 774 1203 855 post
1231 755 1438 854 singulares
1467 756 1653 830 discessus
1681 758 1787 831 resti-

508 903 586 959 tuta
610 903 676 968 est,
699 884 871 958 cumillis
898 909 988 958 sane
1017 885 1168 958 secundi
1197 883 1336 956 ordinis
1369 884 1634 957 mutationibus
1667 900 1705 957 et
1731 910 1787 958 ac·

508 1011 748 1096 cessionibus
770 1037 864 1108 quas
893 1009 1088 1106 prudentia
1109 1011 1362 1084 Romanorum
1388 1009 1605 1083 Pontificum
1625 1010 1784 1084 induxit:

510 1135 576 1209 sed
595 1136 642 1210 de
664 1137 733 1210 hoc
763 1136 918 1209 fortasse
940 1135 1030 1209 alias
1059 1136 1189 1220 dicam,
1220 1136 1249 1208 si
1281 1136 1366 1208 Deo
1394 1135 1581 1232 placuerit.

620 1261 753 1334 Nullus
769 1261 1020 1335 Occidentalis
1037 1263 1155 1348 Ritus,
1174 1263 1203 1334 si
1223 1263 1431 1335 Romanum
1448 1263 1619 1358 excipias,
1638 1261 1788 1336 exhibet

509 1405 550 1461 ut
578 1386 847 1460 Ambrosianus
883 1404 959 1460 tam
994 1387 1103 1484 plene
1140 1413 1244 1460 suam
1282 1388 1485 1485 Liturgiam
1521 1388 1635 1486 longo
1664 1415 1789 1463 saecu·

508 1513 626 1587 lomm
654 1539 762 1585 cursu
792 1529 1090 1607 perseverantem
1120 1514 1155 1585 in
1186 1540 1254 1586 usu
1285 1513 1442 1609 publico,
1465 1531 1502 1587 et
1525 1513 1644 1588 adhuc
1662 1516 1789 1613 vigen-

510 1657 595 1713 tem.
627 1638 666 1710 Si
696 1655 819 1711 autem
854 1638 1000 1712 codices
1028 1639 1264 1713 Ambrosiani
1301 1640 1437 1712 cedunt
1468 1641 1686 1737 antiquitate
1721 1641 1789 1714 illis

512 1767 704 1838 Romanae
730 1762 928 1860 liturgiae,
960 1791 1006 1837 ex
1034 1790 1162 1838 eorum
1191 1763 1386 1838 collatione
1419 1765 1596 1838 evincitur
1623 1765 1789 1839 Ambro-

510 1891 634 1963 sianos
653 1887 890 1962 continuasse
909 1890 1199 1963 vetustissimum
1228 1915 1336 1962 usum
1359 1890 1567 1962 Romanum
1588 1906 1674 1963 ante
1699 1891 1788 1964 Gre-

509 2015 655 2113 gorium
684 2028 722 2085 et
750 2011 941 2086 Gelasium
970 2030 1048 2088 tum
1076 2017 1113 2089 in
1145 2016 1262 2088 lllissa
1290 2031 1367 2088 tum
1402 2015 1437 2087 in
1467 2016 1673 2112 praecipuis
1709 2015 1789 2089 aliis

511 2139 686 2237 partibus,
718 2137 754 2208 in
793 2139 929 2235 quibus
964 2157 1087 2215 tamen
1111 2141 1307 2215 varietates
1335 2141 1486 2215 secundi
1523 2142 1661 2215 ordinis
1690 2159 1785 2228 sunt,

510 2282 548 2339 et
575 2261 709 2337 auxilia
737 2264 926 2358 praebere,
957 2267 1093 2363 quibus
1119 2267 1451 2340 vetustissimorum
1480 2293 1614 2340 usuum
1632 2268 1790 2365 vestigia

512 2391 547 2463 in
564 2387 768 2462 Occidente
782 2386 950 2484 dignosci
966 2407 1004 2464 et
1019 2391 1168 2465 iudicari
1184 2392 1337 2487 possint.
1358 2391 1443 2465 Ulla
1457 2407 1600 2464 tantum
1619 2389 1789 2488 exempla

511 2519 705 2615 proferam.

621 2647 661 2718 ln
698 2649 839 2722 Conone
867 2647 1008 2718 Missae
1038 2643 1199 2718 blissalis
1228 2645 1353 2728 Sloroe,
1385 2643 1447 2740 qui
1479 2642 1618 2716 Gelasii
1646 2643 1786 2729 dicitur,

511 2790 597 2870 post
635 2773 962 2848 Consecrationem
998 2769 1141 2854 Calicis,
1183 2769 1300 2842 forma
1333 2786 1391 2840 est
1432 2793 1520 2863 prae
1558 2768 1790 2865 Gregoriana

514 2897 687 2994 amplior;
708 2900 839 2973 eadem
869 2914 907 2970 et
934 2897 1045 2969 etiam
1074 2894 1217 2992 plenior
1246 2895 1312 2967 suit
1339 2919 1487 2990 semper
1508 2911 1546 2967 et
1569 2910 1626 2966 est
1646 2894 1681 2966 in
1702 2895 1789 2966 Am-

511 3025 696 3098 brosian0.
715 3023 859 3098 Fractio
877 3022 1034 3096 Hostiae
1050 3021 1086 3094 in
1101 3020 1234 3094 eodem
1245 3019 1400 3093 Canone
1416 3019 1617 3092 Gelasiano
1633 3036 1789 3094 estante

513 3148 732 3221 Orationem
754 3147 988 3220 Dominicam
1014 3163 1055 3219 ut
1080 3145 1116 3217 in
1144 3144 1404 3229 Ambrosiam,
1430 3144 1466 3216 in
1493 3170 1579 3240 quo,
1608 3144 1707 3218 nulla
1727 3171 1790 3218 un-

512 3299 623 3370 quam
650 3274 826 3347 varietate
846 3271 1105 3356 intercedente,
1128 3271 1251 3344 statim
1271 3270 1312 3343 fit
1341 3269 1575 3355 CommixtiO,
1600 3297 1712 3367 quam
1732 3271 1791 3344 ille

512 3415 553 3472 ut
573 3399 765 3472 Romanus
784 3414 870 3495 post
890 3396 1158 3470 Embolismum
1175 3397 1289 3492 ponit.
1309 3397 1451 3468 Inserta
1470 3396 1506 3467 in
1527 3396 1682 3469 Canone
1704 3397 1791 3468 llis-

512 3549 576 3598 sae
608 3526 647 3596 in
683 3523 797 3598 Coeno
825 3524 981 3596 Domini
1006 3523 1041 3595 in
1077 3522 1310 3620 Gregoriano
1338 3538 1377 3594 et
1406 3521 1576 3594 Romano
1611 3520 1791 3595 hodierno

511 3649 689 3746 ampliora
717 3665 803 3722 sunt
831 3650 867 3722 in
897 3648 1109 3734 Gelasian0‚
1135 3648 1231 3722 etin
1263 3646 1404 3720 blissali
1430 3647 1622 3720 Gallicano
1642 3649 1788 3736 Veteri;

511 3775 630 3849 adhuc
658 3775 796 3860 latiora,
832 3774 911 3848 aliis
939 3773 1197 3870 superadditis,
1229 3788 1316 3846 sunt
1344 3773 1381 3844 in
1401 3771 1661 3859 Ambrosiano,
1687 3790 1725 3847 et
1746 3799 1791 3847 ea

513 3902 653 3976 ratione
672 3926 769 3997 quae
788 3901 964 3974 maiorem
984 3900 1241 3996 antiquitatem
1264 3899 1394 3995 sapiat.

622 4027 663 4098 ln
701 4026 815 4099 Horis
852 4025 1050 4100 Canonicis
1086 4023 1200 4098 multa
1235 4026 1494 4122 Antiphonarii
1533 4027 1787 4114 bencorensis,

513 4177 610 4251 quae
638 4151 685 4225 ad
716 4151 864 4224 Laudes
884 4151 1051 4236 attinent,
1082 4167 1120 4224 et
1148 4177 1170 4224 a
1200 4153 1371 4225 Romano
1392 4179 1460 4224 usu
1481 4178 1523 4226 ac
1550 4152 1790 4226 benedictino

513 4277 696 4363 differunt,
728 4275 837 4372 plane
867 4276 1093 4350 illustrantur
1113 4303 1159 4350 ex
1178 4278 1427 4350 Ambrosiano
1447 4305 1527 4363 usu,
1554 4278 1684 4374 inquo
1708 4278 1791 4350 sub-

514 4419 719 4501 sequuntur
751 4403 976 4485 Benedictus,
1024 4403 1229 4486 Corolamus,
1271 4403 1475 4476 Bencdr'cr'le
1508 4404 1627 4476 omnio
1669 4413 1788 4500 opera,

514 4528 645 4625 psalmi
681 4531 762 4620 148,
801 4551 884 4619 149,
913 4549 994 4620 150,
1024 4535 1106 4612 116,
1132 4527 1297 4624 psalmus
1316 4529 1487 4614 directus,
1524 4529 1655 4600 Gloria
1675 4530 1713 4600 r'n
1731 4555 1791 4601 ox·

512 4653 621 4736 celsis,
653 4678 749 4750 quae
779 4652 899 4725 solum
927 4677 1022 4726 saec.
1049 4653 1139 4724 XVI
1170 4653 1327 4726 cessavit
1356 4654 1390 4726 in
1421 4653 1681 4738 Ambrosiano,
1712 4655 1793 4749 lly-

514 4783 623 4852 mnus
651 4794 688 4852 et
718 4778 921 4864 Psallenda‚
953 4795 991 4851 et
1019 4778 1219 4852 Orationes
1255 4780 1531 4852 interseruntur.
1564 4779 1644 4851 Imo
1677 4779 1793 4851 Bene-

513 4905 630 4977 dictus
657 4922 695 4977 et
729 4905 921 4977 Conlemus
940 4904 1101 4977 eundem
1122 4904 1156 4977 in
1187 4922 1345 5000 utroque
1374 4919 1514 4976 textum
1543 4929 1675 5000 reapse
1695 4904 1793 4977 exhi·

514 5032 614 5104 bent.
633 5031 755 5104 Etiam
764 5031 963 5105 Orationes
978 5031 1025 5105 ad
1041 5030 1214 5116 Tertiam,
1227 5031 1378 5104 Sextam
1394 5047 1432 5103 et
1449 5029 1607 5114 Nonam,
1625 5047 1667 5104 ut
1680 5030 1791 5104 etiam
