4084 6128
436 531 546 586 ORDO
568 534 621 586 DE
639 531 779 587 SACRIS
798 533 1021 588 ORDINIBUS
1042 534 1339 589 BENEDICENDIS
1488 553 1522 604 33

239 792 311 878 per
350 779 652 851 ministrationem
687 777 774 860 eins,
819 777 938 851 trudit
972 779 1086 853 claves
1126 779 1288 852 ecclesiae
1325 779 1369 852 o'e
1407 779 1528 853 altori

248 906 386 980 dr'cens:

248 1195 464 1260 secrationem.
490 1191 571 1253 Cum
594 1200 700 1253 autem
724 1191 792 1272 ipse
816 1193 970 1256 Beroldus
986 1213 1148 1272 nunquam
1165 1191 1205 1254 de
1228 1191 1324 1255 sacris
1340 1192 1526 1268 Ordinibus

250 1315 353 1375 neque
377 1293 409 1354 in
432 1290 565 1352 sabbato
591 1301 709 1362 sancto,
742 1312 844 1371 neque
868 1292 900 1354 in
924 1292 1056 1354 sabbato
1089 1299 1284 1371 pentecostes
1306 1292 1403 1354 verba
1426 1292 1526 1367 faciat,

250 1415 309 1456 nec
339 1392 443 1472 ipsum
472 1400 651 1469 temporum
672 1389 829 1471 jejunium
854 1402 1088 1462 commemoret,
1122 1391 1281 1454 crederem
1309 1403 1447 1454 veterem
1471 1391 1528 1454 di-

249 1491 415 1572 sciplinam
449 1487 559 1550 saltem
595 1507 696 1567 nsque
726 1488 767 1550 ad
799 1489 862 1550 XII
886 1511 967 1556 saec.
991 1490 1187 1569 perdurasse.
1219 1489 1383 1570 Sequioris
1416 1492 1527 1554 aetatis

251 1610 350 1652 unum
377 1586 514 1651 occurrit
544 1586 787 1649 documentum:
817 1590 900 1650 Ordo
922 1590 1091 1650 secundum
1122 1609 1237 1650 morem
1264 1596 1387 1650 sanetae
1416 1591 1528 1652 medio-

250 1692 353 1752 lanen.
378 1689 540 1757 eecleslioe,
566 1695 694 1747 auctore
723 1688 845 1765 Joanne
872 1687 1095 1749 Bartholomeo
1124 1687 1165 1749 de
1188 1686 1333 1749 Guerciis
1364 1687 1404 1749 de
1433 1689 1527 1751 Mele-

251 1808 359 1868 gnano
375 1796 495 1849 rectore
510 1783 583 1849 eccl.
601 1783 634 1846 S.
649 1783 787 1846 Victoris
804 1787 916 1847 Portae
933 1786 1104 1858 Romanae,
1122 1785 1257 1866 scriptus
1271 1785 1354 1847 circa
1365 1807 1415 1848 an.
1433 1807 1526 1860 1220,

251 1885 357 1948 editus
379 1905 398 1946 a
421 1886 522 1946 Domo
534 1879 702 1966 (Opnscolz'
714 1886 1069 1964 liturgico-ambrosiani
1082 1891 1118 1965 p.
1135 1885 1161 1958 I,
1180 1891 1261 1965 pag.
1282 1892 1372 1962 oret
1391 1883 1466 1971 seq.)
1492 1887 1527 1948 In

253 1985 314 2046 hoc
341 1983 463 2053 ordine,
487 1981 560 2043 licet
583 1981 683 2043 multa
706 2003 724 2042 a
748 1982 879 2045 Beletho
901 1983 1057 2062 exscripta
1080 1983 1285 2063 reperiantur,
1310 1995 1414 2046 tamen
1449 1983 1528 2047 ritus

252 2081 397 2163 proprios
431 2079 679 2142 Mediolanensis
701 2080 850 2143 ecclesiae
882 2081 988 2143 referri
1012 2081 1167 2154 existimo,
1197 2082 1307 2144 saltem
1341 2103 1378 2144 ea
1412 2094 1528 2164 tempe·

252 2191 332 2243 state
355 2179 497 2242 usitatos.
522 2179 571 2239 Ex
594 2178 655 2240 hoc
677 2179 790 2241 ordine
809 2179 925 2261 itaque,
943 2178 997 2241 ubi
1018 2203 1035 2236 e
1050 2180 1091 2241 de
1114 2179 1201 2242 horis
1228 2179 1260 2242 iu
1288 2180 1406 2261 quibus
1432 2181 1528 2244 missa

256 2281 384 2343 «debet
406 2277 591 2340 celebrari»
612 2277 742 2357 legitur:
765 2302 782 2334 e
800 2279 841 2340 Et
863 2289 910 2340 est
934 2278 1119 2350 notandum,
1143 2279 1232 2360 quod
1255 2279 1287 2342 in
1311 2279 1413 2342 tribus
1441 2281 1527 2343 horis

258 2377 478 2459 «regulariter
501 2376 597 2438 missa
618 2376 804 2448 celebratur,
834 2377 953 2440 scilicet
976 2377 1077 2450 tertia,
1101 2389 1198 2449 sexta,
1223 2390 1255 2441 et
1278 2397 1407 2441 nonas..
1444 2400 1527 2442 nona

256 2501 272 2532 a
290 2477 322 2538 in
345 2475 597 2558 quadragesima,
622 2485 653 2536 et
669 2473 701 2535 in
717 2474 831 2537 diebus
850 2475 1054 2556 jejuniorum,
1073 2488 1257 2538 nontamen
1281 2477 1434 2550 omnium,
1451 2478 1528 2558 quia

256 2599 272 2630 a
290 2575 321 2636 in
345 2574 484 2636 sabbatis
507 2584 644 2653 quatuor
667 2585 846 2653 temporum
869 2574 963 2636 valde
986 2595 1057 2636 sero
1075 2576 1187 2654 potest'
1200 2575 1361 2648 celebrari,
1386 2587 1417 2638 et
1432 2575 1527 2640 debet

256 2683 419 2752 «propter
451 2692 557 2734 sacros
586 2671 735 2744 ordines,
771 2675 831 2752 qni
861 2674 907 2734 od
937 2675 1125 2735 dominicam
1152 2677 1321 2754 pertinent.
1348 2701 1365 2732 »
1393 2674 1526 2736 Nullum

252 2782 396 2852 superest
417 2769 552 2833 dubium
568 2769 646 2851 quin
670 2769 781 2832 saltem
797 2791 878 2834 saec.
903 2771 983 2832 XIII
1002 2772 1079 2834 baec
1102 2783 1133 2834 et
1148 2772 1190 2834 de
1204 2772 1401 2852 temporibus
1416 2783 1448 2835 et
1464 2773 1525 2835 ritu

253 2869 286 2931 in
310 2869 405 2932 missa
426 2868 594 2931 invaluerit
616 2868 784 2948 disciplina
806 2869 956 2932 ecclesiae
980 2881 1104 2932 nostrae
1111 2892 1119 2944 ;
1144 2869 1212 2950 ipsa
1234 2871 1345 2934 verba:
1369 2873 1414 2933 od
1433 2873 1528 2934 domi·

253 2971 355 3030 nr'com
379 2971 542 3049 pertinent
562 2967 758 3046 primaevum
782 2988 878 3048 supra
902 2979 1045 3031 notatum
1070 2968 1249 3032 institutum
1273 2971 1471 3033 confirmant.

299 3069 396 3128 Porro
419 3066 492 3128 licet
511 3065 633 3146 jejunia
654 3077 792 3147 quatuor
822 3078 1002 3148 temporum
1026 3068 1067 3130 ab
1091 3068 1151 3131 hac
1181 3079 1284 3132 aetate
1308 3089 1408 3150 usque
1432 3070 1528 3133 hodie

254 3165 398 3245 usurpari
432 3165 623 3245 coepissent,
660 3175 766 3226 tamen
798 3165 920 3228 nullum
959 3165 1119 3228 Breviario
1153 3179 1209 3229 aut
1244 3167 1365 3230 Missali
1393 3169 1529 3231 Ambro-

253 3264 342 3325 siano
364 3263 495 3327 accessit
518 3263 681 3342 proprium
704 3263 844 3326 officium
867 3264 918 3326 vel
947 3265 1216 3338 commemoratio,
1242 3266 1320 3347 quin
1344 3267 1527 3348 ceteroquin

253 3373 497 3444 consequeretur
513 3361 638 3424 diversa
661 3362 767 3442 praxis
783 3362 932 3425 ecclesiae
948 3375 1075 3427 nostrae
1094 3363 1126 3426 in
1145 3364 1242 3426 sacris
1265 3365 1442 3428 Ordinibus
1457 3387 1529 3429 con-

255 3461 398 3532 serendis,
424 3461 469 3522 uti
493 3471 623 3540 apparet
646 3482 684 3522 ex
714 3462 948 3523 Coeremonioli
966 3463 1186 3534 Ambrosiono,
1206 3462 1292 3526 edito
1315 3487 1335 3526 a
1359 3465 1454 3528 Card.
1473 3467 1530 3527 Fe·

254 3561 353 3621 derico
383 3561 559 3632 Borromeo,
584 3559 638 3639 qui
673 3581 746 3621 ann.
787 3565 870 3638 1609
901 3560 1104 3623 traditionem
1135 3561 1367 3626 ambrosianam
1403 3562 1435 3625 in
1471 3563 1530 3626 hac

255 3671 342 3737 parte
371 3657 595 3739 promulgavit,
620 3678 660 3719 ne
692 3658 824 3720 ulterius
858 3658 976 3722 incerta
1007 3670 1147 3734 nutaret;
1178 3657 1211 3744 (l.
1236 3682 1263 3723 c.
1288 3683 1319 3742 p.
1356 3661 1411 3748 08)
1432 3685 1449 3720 e
1467 3661 1531 3724 Pri·

259 3781 275 3812 «
288 3777 370 3819 mam
394 3758 572 3819 Tonsuram
595 3777 798 3837 quocumque
817 3757 870 3819 die
893 3758 972 3821 hora
995 3771 1027 3820 et
1049 3757 1120 3821 loco
1142 3760 1284 3822 conferre
1299 3771 1403 3840 potest
1418 3761 1532 3840 (archi-

259 3879 275 3910 «
291 3855 488 3935 episcopus):
512 3855 653 3918 Minores
677 3855 816 3917 Ordines
838 3856 1008 3918 dominicis
1031 3870 1063 3919 et
1085 3857 1156 3919 aliis
1180 3858 1300 3921 festivis
1315 3858 1438 3933 diebus,
1464 3861 1531 3923 ubi·

258 3977 274 4010 «
291 3974 436 4033 cumque,
461 3973 553 4015 mane
575 3963 729 4016 tamen...:
747 3954 885 4016 Ordines
899 3976 975 4018 vero
994 3955 1131 4036 Majores
1147 3956 1179 4018 in
1203 3957 1458 4022 ordinatIonibus
1479 3981 1533 4040 ge·

259 4077 274 4108 «
291 4052 450 4114 neralibus
484 4053 680 4131 temporibus
710 4053 920 4133 praescriptis,
951 4067 982 4117 et
1014 4055 1154 4118 Minores
1185 4077 1315 4138 quoque
1343 4058 1465 4121 confert
1499 4058 1530 4122 in

258 4175 274 4206 «
293 4150 537 4230 Metropolitana
559 4151 699 4224 ecclesia,
716 4173 822 4214 coram
840 4152 988 4216 universo
1007 4153 1093 4216 illius
1108 4155 1258 4218 ecclesiae
1280 4156 1366 4220 clero
1388 4157 1429 4219 ad
1445 4179 1534 4238 prae·

258 4275 274 4306 ι(
290 4249 441 4328 scriptum
461 4248 665 4324 Pontificalis;
683 4249 733 4312 his
748 4250 862 4324 solum,
880 4263 916 4312 ut
931 4251 1021 4326 insra,
1040 4253 1171 4316 mutatis
1191 4275 1249 4336 pro
1266 4255 1387 4318 ratione
1410 4257 1533 4320 ordinis

258 4373 274 4404 a
292 4347 407 4410 Missae
429 4347 662 4412 ambrosianae:

302 4449 410 4508 «Post
430 4447 614 4526 Ingressom
637 4459 823 4526 promoveat
843 4449 886 4511 ad
909 4449 1045 4530 primam
1075 4463 1255 4526 tonsuram
1280 4465 1352 4534 post
1376 4454 1531 4536 hymnum

257 4571 273 4602 a
296 4547 409 4608 Glomo
432 4547 466 4606 in
488 4548 625 4618 excelsis,
646 4546 672 4607 si
691 4547 824 4620 dicatur,
849 4549 889 4611 ad
915 4549 1053 4614 minores
1077 4551 1217 4614 Ordines
1232 4573 1334 4634 usque
1357 4553 1399 4616 ad
1425 4555 1533 4618 Lecto-

257 4672 272 4700 «
291 4655 392 4707 ratum
410 4643 571 4707 inclusive.
590 4647 664 4707 Post
682 4647 858 4710 Lectionem
874 4649 920 4728 (in
938 4650 1036 4712 Missa
1051 4651 1136 4713 enim
1153 4653 1354 4714 ambrosiana
1370 4665 1443 4717 ante
1460 4653 1534 4735 Epi-

257 4743 414 4814 «stolam,
435 4743 574 4823 exceptis
597 4744 759 4807 ferialibus
782 4759 814 4809 et
834 4747 996 4810 nonnullis
1014 4749 1086 4812 aliis
1108 4749 1231 4826 diebus,
1257 4751 1406 4815 recitatur
1429 4755 1535 4816 Lectio

258 4867 275 4898 ι
291 4841 415 4904 Veteris
437 4842 630 4904 Testamenti
647 4843 697 4906 vel
713 4847 852 4908 Actunm
871 4849 1104 4928 Apostolorum,
1128 4869 1200 4912 cum
1217 4871 1277 4912 suo
1293 4851 1472 4932 psalmello)
1488 4853 1533 4936 ‚ad

258 4967 274 4998 a
293 4939 523 5002 Exorcistatum
547 4951 579 5003 et
601 4942 840 5022 Acolythatum,
864 4945 981 5008 deinde
1000 4947 1041 5009 ad
1065 4947 1347 5014 Subdiaconatum.
1367 4953 1442 5015 Post
1457 4953 1536 5034 Epi·

259 5065 276 5096 a
291 5041 399 5101 stolam
422 5049 454 5099 et
476 5038 613 5118 primum
637 5044 782 5122 Allelnja
804 5044 846 5106 ad
879 5044 1102 5110 Diaconatum
1129 5049 1204 5111 Post
1238 5049 1370 5114 Versum
1394 5051 1425 5114 In
1449 5053 1535 5114 Alle-

259 5163 275 5191 -‹
291 5141 360 5218 lrp‘o
387 5136 428 5199 ad
464 5138 728 5218 presbyteratum.
759 5143 833 5204 Post
865 5143 1011 5207 ultimum
1044 5149 1189 5228 Allelujo
1219 5160 1364 5211 cantetur
1392 5150 1535 5228 Evange-
