4078 6126
895 519 1160 573 PONTIFICAIE
1185 521 1295 576 SAEC.
1324 523 1375 576 lX.

496 763 695 838 tolerabilis
727 763 833 838 dolor
867 780 925 837 est
959 764 1007 838 de
1035 765 1105 838 ista
1141 763 1307 838 Ecclesia
1339 765 1427 838 loris
1454 764 1598 862 projici,
1629 767 1691 840 ubi
1717 766 1775 840 ille

496 891 559 988 qui
575 889 772 987 projicitur,
790 907 828 964 et
843 891 1065 965 manducare
1080 908 1118 965 et
1137 892 1263 965 bibere
1283 908 1321 965 et
1339 917 1422 965 cum
1442 891 1654 966 hominibus
1672 892 1772 991 loqui

496 1031 629 1113 potest,
661 1031 698 1088 et
717 1013 829 1089 habet
848 1041 953 1113 spem
982 1033 1022 1090 ut
1044 1017 1175 1090 iterum
1200 1033 1384 1091 mereatur
1410 1015 1458 1090 ad
1487 1016 1690 1091 Ecclesiam
1719 1044 1777 1092 re-

495 1141 635 1228 vocari;
665 1142 756 1239 quid
783 1159 957 1239 putamus
991 1142 1111 1241 qualis
1138 1142 1245 1217 dolor
1272 1143 1349 1230 erit,
1386 1144 1415 1217 si
1449 1143 1582 1242 aliquis
1610 1171 1679 1242 pro
1712 1146 1775 1218 cri-

452 1296 466 1346 5
497 1268 656 1342 minibus
684 1269 732 1341 ab
762 1267 936 1356 Ecclesia,
967 1295 1065 1366 quae
1093 1285 1151 1343 est
1179 1269 1215 1342 in
1244 1269 1366 1356 coeliS,
1389 1295 1412 1344 a
1439 1288 1622 1345 conventu
1660 1296 1777 1369 ange-

496 1393 613 1468 lorum
633 1393 690 1467 vel
711 1411 921 1468 sanctorum
941 1395 1106 1468 omnium
1125 1396 1417 1493 congregatione
1438 1396 1546 1470 luerit
1563 1396 1776 1493 separatus?

497 1521 568 1595 Cui
597 1546 664 1594 nec
691 1520 761 1595 hoc
788 1520 909 1620 solum
930 1521 1064 1595 sufficit
1082 1522 1129 1595 ad
1149 1547 1319 1618 poenam,
1348 1522 1451 1619 quod
1477 1523 1564 1596 loris
1587 1523 1774 1620 proicitur;

496 1647 562 1720 sed
593 1647 744 1744 insuper
771 1647 807 1720 in
827 1647 999 1720 tenebras
1028 1648 1228 1720 exteriores
1256 1663 1409 1721 aeterno
1433 1648 1605 1721 incendio
1632 1673 1778 1722 concre-

497 1773 654 1846 mandus
673 1772 897 1847 excluditur?
920 1773 996 1872 (sic)
1018 1773 1091 1868 Qui
1121 1773 1218 1847 enim
1247 1774 1295 1847 ab
1324 1772 1384 1847 illa
1411 1773 1560 1848 caelesti
1592 1775 1776 1871 Hyerusa-

437 1935 469 1970 10
496 1897 568 1972 lem
588 1900 866 1973 excomunicare
885 1900 1067 1985 meruerit,
1094 1925 1168 1973 non
1188 1900 1308 1972 solum
1336 1898 1406 1973 hoc
1433 1925 1593 1996 poenam
1613 1899 1773 1986 habebit,

496 2024 598 2121 quod
627 2050 694 2097 nec
723 2024 944 2098 manducare
965 2051 1031 2098 nec
1056 2025 1183 2099 bibere
1202 2025 1353 2122 poterit;
1383 2026 1449 2098 sed
1478 2026 1589 2100 etiam
1610 2027 1776 2100 llammas

498 2149 695 2223 infernales
722 2151 933 2224 sustinebit:
964 2151 1026 2223 ubi
1054 2166 1112 2223 est
1140 2151 1248 2224 fletus
1276 2167 1314 2223 et
1341 2152 1476 2225 stridor
1502 2151 1688 2239 dentium:
1714 2151 1775 2225 ubi

498 2275 674 2362 ululatuS,
711 2275 925 2350 lamentatio
960 2292 998 2350 et
1032 2277 1260 2373 poenitentia
1288 2278 1367 2351 sine
1400 2276 1475 2351 ullo
1510 2276 1683 2364 remidio;
1713 2277 1774 2351 ubi

498 2418 555 2475 est
586 2402 720 2475 vermis
753 2400 812 2475 ille
845 2403 907 2498 qui
941 2427 1015 2475 non
1051 2403 1240 2490 morietur;
1278 2419 1316 2476 et
1351 2403 1448 2501 ignis
1476 2404 1538 2500 qui
1575 2429 1776 2501 numquam

438 2570 468 2620 15
498 2528 771 2626 exstinguetur;
802 2528 863 2601 ubi
893 2552 992 2601 mors
1020 2528 1225 2624 quaeritur,
1256 2545 1294 2601 et
1329 2553 1403 2601 non
1432 2529 1654 2603 invenietur:
1690 2529 1777 2626 quia

498 2655 633 2753 quibus
661 2654 698 2726 in
727 2653 796 2727 hoc
825 2653 973 2727 saeculo
1000 2654 1074 2727 vita
1106 2653 1259 2728 offertur
1292 2672 1330 2728 et
1362 2654 1493 2729 nolunt
1525 2657 1708 2752 accipere,
1739 2657 1775 2728 in

499 2778 642 2852 inlerno
670 2795 853 2876 quaerunt
872 2796 1038 2866 mortem,
1061 2797 1098 2854 et
1118 2805 1192 2852 non
1222 2797 1396 2877 poterunt
1424 2781 1598 2856 invenire.
1631 2782 1685 2854 lbi
1710 2782 1778 2855 erit

502 2931 575 2978 nox
603 2905 682 2979 sine
710 2905 782 2990 die,
812 2904 1018 2979 amaritudo
1046 2905 1126 2978 sine
1155 2903 1360 2992 dulcedine,
1390 2907 1596 2980 obscuritas
1619 2908 1699 2981 sine
1727 2905 1777 2980 lu-

502 3033 615 3106 mine:
646 3032 708 3105 ubi
738 3057 804 3106 nec
823 3031 980 3118 divitiae,
1004 3057 1071 3105 nec
1090 3048 1272 3128 parentes,
1296 3058 1362 3106 nec
1384 3033 1574 3131 coniuges,
1606 3059 1673 3108 nec
1702 3034 1773 3120 filii,

440 3193 474 3230 20
503 3184 569 3232 nec
597 3158 703 3231 vicini
732 3173 907 3255 poterunt
934 3158 1145 3243 subvenirc;
1176 3158 1239 3232 ubi
1274 3157 1361 3230 nihil
1390 3175 1562 3255 peccator
1596 3159 1774 3246 inveniet,

501 3284 569 3358 nisi
600 3285 701 3385 quod
721 3283 857 3358 dehoc
877 3282 1024 3357 saeculo
1043 3301 1144 3357 caste
1166 3301 1204 3358 et
1227 3284 1329 3380 juste
1352 3285 1511 3358 vivendo
1531 3310 1598 3382 per
1618 3283 1777 3360 eleemo-

500 3437 672 3508 synarum
692 3409 899 3507 largitatem
915 3409 1166 3483 transmiserit.
1186 3410 1291 3482 Haec
1305 3435 1397 3508 ergo
1411 3410 1630 3508 cogitantes,
1648 3411 1778 3485 fratres

499 3538 711 3623 charissimi,
742 3553 817 3610 tam
846 3534 936 3608 casti
964 3551 1003 3608 et
1030 3551 1104 3608 tam
1134 3534 1244 3608 sobrii
1273 3552 1414 3609 ettam
1444 3535 1583 3633 pacifici
1612 3537 1660 3610 ad
1680 3537 1779 3610 istud

498 3665 622 3750 altare,
645 3664 731 3737 Deo
749 3661 957 3749 auxiliante,
980 3661 1195 3735 studeamus
1213 3661 1399 3748 accedere,
1420 3678 1461 3734 ut
1478 3662 1526 3735 ab
1546 3661 1608 3736 illo
1626 3678 1778 3736 aeterno

438 3814 471 3864 25
499 3789 614 3864 altare
634 3815 708 3864 non
728 3814 935 3862 mereamur
955 3779 1110 3861 excludi.
1133 3786 1208 3881 Qui
1228 3787 1327 3860 enim
1349 3787 1397 3860 ad
1420 3788 1516 3860 istud
1536 3787 1651 3862 altare
1675 3805 1778 3862 casto

499 3942 653 4013 corpore
681 3931 719 3989 et
747 3915 886 3988 mundo
913 3913 1025 3987 corde
1053 3938 1136 3986 cum
1165 3937 1294 3986 secura
1321 3928 1359 3986 et
1387 3912 1525 3988 munda
1553 3914 1779 3989 conscientia

499 4044 649 4128 venerit,
670 4041 718 4116 ad
733 4040 820 4114 illud
840 4040 964 4125 altare,
982 4041 1045 4138 qui
1065 4040 1102 4112 in
1122 4037 1232 4112 caelis
1250 4054 1318 4124 est,
1345 4037 1437 4113 felici
1453 4040 1778 4138 transmigratione

499 4169 699 4268 perveniet.
715 4167 778 4240 nd
793 4183 1007 4252 extremum,
1030 4166 1158 4239 sratres
1181 4164 1393 4251 charissimi,
1417 4183 1564 4241 nonest
1581 4192 1695 4266 grave
1710 4191 1778 4240 nec

499 4295 722 4370 laboriosum
751 4292 853 4391 quod
873 4317 1052 4390 suggero:
1073 4290 1142 4364 hoc
1160 4291 1254 4376 dico,
1278 4291 1380 4388 quod
1403 4317 1470 4366 vos
1499 4292 1711 4390 frequenter
1729 4292 1746 4364 l
1767 4335 1779 4350 ·

438 4451 473 4500 so
499 4447 582 4496 cere
610 4419 760 4518 aspicio.
791 4419 936 4492 Omnes
968 4418 1034 4490 viri
1066 4417 1217 4514 quando
1249 4417 1520 4492 communicare
1553 4418 1775 4504 desiderant,

500 4547 625 4622 lavant
646 4572 778 4620 manus
798 4571 903 4630 suas:
923 4561 961 4618 et
979 4568 1110 4617 omnes
1131 4542 1303 4618 mulieres
1323 4543 1438 4617 nitida
1456 4544 1633 4618 exhibent
1649 4542 1775 4617 lintea-

502 4675 610 4760 mina,
632 4673 694 4746 ubi
714 4697 849 4768 corpus
869 4670 1003 4744 Christi
1024 4669 1214 4766 accipiant.
1238 4671 1324 4743 Non
1345 4686 1402 4743 est
1420 4695 1533 4768 grave
1556 4668 1658 4768 quod
1682 4669 1775 4755 dico,

643 4914 670 4964 4.
685 4899 804 4966 aliquis:
823 4915 900 4952 corr.
915 4914 954 4952 ex
979 4895 1098 4962 aliquid.
1115 4927 1145 4934 -
1163 4913 1204 4962 14.
1219 4897 1294 4964 ignis
1312 4897 1378 4964 qui:
1399 4915 1476 4951 rorr.
1496 4897 1626 4964 exiguis
1644 4913 1729 4966 quae.
1743 4927 1777 4936 —

576 4995 617 5044 17.
639 4979 765 5034 inferno:
785 4997 863 5033 corr.
883 4995 923 5032 ex
942 4977 1094 5031 internum.
1112 5009 1143 5016 -
1159 4995 1202 5044 23.
1224 4977 1314 5032 istud:
1334 4996 1412 5032 corr.
1433 4997 1473 5032 ι’,τ
1491 4979 1555 5033 isto.
1570 5009 1605 5018 —
1618 4995 1662 5045 25.
1683 4977 1775 5032 istud:

573 5077 650 5114 corr.
671 5061 794 5114 existo.
816 5091 848 5098 -
871 5074 913 5123 27.
934 5057 971 5111 ad
990 5055 1076 5110 illud:
1103 5074 1181 5112 corr.
1200 5075 1240 5114 ex
1258 5059 1295 5112 ab
1313 5057 1373 5114 illo.
1402 5089 1434 5099 -
1454 5076 1499 5126 31.
1519 5058 1655 5114 exhibent
1680 5059 1778 5112 lintea-

575 5141 665 5196 mina:
687 5158 764 5196 corr.
785 5158 824 5195 cx
843 5138 1075 5194 exibentiamina.
