4078 6126
452 1896 464 1923 ,1

435 2495 467 2530 10

436 3128 465 3174 15

434 3749 467 3785 20

892 488 1159 542 PONTIFICAIAE
1185 485 1295 539 salic.
1322 485 1373 538 IX.

700 1181 828 1254 rrum
861 1180 1063 1253 orm‘no
1096 1179 1268 1252 sumzu
1300 1179 1561 1252 uoumrm

543 1338 675 1473 QUI
720 1340 774 1444 Α
817 1337 1241 1443 Ι)ΑΕΜΟΝΙΟ
1282 1339 1722 1444 Vfixn'sulcn

608 1619 636 1665 1.
672 1596 774 1665 trem
805 1595 1046 1690 angelornm.
1084 1596 1185 1664 Deus
1213 1594 1541 1688 ‚irclrangelorum
1567 1597 1670 1666 tiens
1693 1623 1772 1690 pro-

497 1723 722 1816 phaetarum.
759 1723 861 1792 lton
891 1719 1160 1815 apostolorum,
1198 1721 1299 1791 l)cus
1330 1737 1539 1814 martyrum.
1577 1722 1678 1792 licus
1708 1723 1773 1791 rir-

456 1877 463 1884 ·
494 1849 638 1940 uinum.
680 1847 784 1917 licus
825 1848 930 1918 latr-r
965 1847 1115 1918 Domini
1155 1847 1265 1918 nostri
1300 1847 1411 1940 jhesu
1450 1848 1603 1928 Christi.
1644 1849 1772 1918 invoco

496 1996 630 2044 nomen
661 1986 827 2044 sanctum
849 1987 962 2054 tuum,
988 1997 1029 2044 ac
1050 1968 1257 2065 praeclarae
1287 1971 1489 2044 maiestatis
1512 1989 1598 2045 tuac
1617 1971 1773 2044 clemen-

494 2098 601 2179 tiam;
640 2113 680 2167 ut
716 2096 802 2167 milri
839 2095 1012 2169 auxilium
1044 2112 1230 2191 praestare
1264 2096 1429 2190 digneris
1464 2096 1642 2170 adversus
1677 2098 1774 2170 hunc

494 2222 760 2320 nequissimum
790 2222 973 2317 spiritum:
1006 2237 1045 2294 ut
1074 2221 1296 2318 ubicumque
1325 2220 1430 2305 latet,
1461 2223 1588 2296 audito
1625 2224 1773 2298 nomine

494 2365 576 2432 tuo,
607 2347 780 2421 velociter
807 2363 915 2420 exeat
939 2362 977 2419 et
1005 2346 1161 2420 recedat.

603 2475 687 2570 lpse
716 2473 779 2546 tibi
802 2473 966 2569 imperat,
990 2472 1146 2554 diabole,
1169 2472 1231 2567 qui
1252 2474 1371 2548 ventis
1393 2489 1430 2546 et
1450 2474 1539 2548 mari
1558 2474 1615 2548 vel
1636 2491 1775 2572 tempe·

495 2599 651 2672 statibus
675 2598 876 2694 imperavit.
901 2599 984 2693 lpse
1014 2597 1076 2669 tibi
1108 2597 1272 2693 imperat,
1294 2599 1357 2694 qui
1378 2614 1414 2672 te
1433 2617 1630 2673 retrorsum
1655 2601 1773 2673 redire

495 2723 692 2821 praecepit.
714 2723 813 2795 Audi
836 2733 937 2820 er'go,
969 2739 1007 2795 et
1026 2722 1123 2806 time,
1147 2739 1313 2796 satanas:
1344 2724 1487 2798 vinctus
1510 2742 1547 2797 et
1569 2743 1774 2821 prostratus

494 2849 669 2934 abscede,
702 2849 736 2920 in
768 2849 916 2922 nomine
948 2848 1097 2919 Domini
1129 2849 1241 2922 nostri
1267 2848 1378 2944 Jhcsu
1416 2849 1563 2924 Christi.
1595 2851 1652 2923 Tu
1682 2877 1773 2948 ergo

496 2974 720 3070 nequissime
754 2989 917 3058 satanas
950 2973 1117 3046 inimicus
1150 2973 1252 3058 fidei,
1284 2975 1432 3071 generis
1467 2975 1616 3048 humani
1647 2976 1774 3048 mortis

496 3116 629 3196 raptor,
652 3099 820 3182 ¹iustitiae
848 3098 1059 3179 declinator,
1093 3097 1271 3171 malornm
1302 3099 1414 3180 radix.
1441 3099 1558 3174 fomes
1587 3101 1770 3182 vitiorum,

496 3224 668 3297 seductor
686 3224 886 3308 hominum,
909 3222 1072 3320 perditor
1091 3223 1269 3318 gentium,
1293 3224 1461 3298 incitator
1480 3225 1648 3310 invidiae,
1667 3226 1774 3322 origo

495 3350 684 3434 avaritiae,
716 3375 828 3422 causa
862 3348 1084 3434 discordiae,
1123 3349 1300 3423 excitator
1331 3348 1518 3436 dolorum,
1550 3351 1774 3424 daemonum

496 3476 681 3571 magister,
719 3475 808 3572 quid
837 3490 913 3548 stas
943 3490 980 3547 et
1008 3475 1157 3560 resistis
1188 3501 1270 3548 cum
1300 3477 1372 3548 scis
1400 3503 1484 3549 eum
1509 3493 1592 3550 tuas
1620 3477 1774 3573 perdere

495 3599 610 3672 vires?
631 3598 735 3672 Illum
756 3617 889 3685 metue,
912 3599 974 3696 qui
998 3600 1035 3671 in
1057 3601 1159 3674 Isaac
1179 3599 1389 3674 immolatus
1410 3619 1476 3686 est,
1501 3601 1535 3674 in
1557 3602 1696 3698 Joseph
1717 3627 1775 3674 vc-

496 3725 705 3810 numdatuS,
724 3725 758 3799 in
775 3751 875 3824 agno
890 3726 1042 3810 occisus
1061 3725 1096 3798 in
1117 3726 1266 3799 homine
1282 3726 1484 3810 crucifixus,
1502 3727 1637 3800 deinde
1654 3727 1775 3800 trium-

496 3849 648 3946 phatus:
679 3851 809 3924 recede
829 3851 865 3923 in
887 3851 1035 3923 nomine
1067 3851 1193 3936 Patris,
1217 3867 1254 3924 ct
1277 3850 1368 3936 Filii,
1391 3868 1429 3924 et
1452 3852 1611 3948 Spiritus
1641 3851 1773 3928 sancti:

495 3993 532 4048 ct
551 3975 598 4048 da
625 3975 746 4049 iocum
775 3976 925 4072 Spiritui
956 3993 1093 4062 sanct0,
1125 4003 1192 4072 per
1220 3977 1289 4049 hoc
1316 3978 1464 4073 signum
1493 3978 1608 4050 crucis
1639 3975 1773 4050 Christi

637 4245 663 4296 3.
678 4230 898 4297 prophetarum:
913 4247 964 4296 pro
977 4233 1067 4296 suppl.
1087 4247 1142 4284 orn.
1159 4234 1266 4296 poster.
1288 4259 1320 4270 -
1334 4233 1360 4283 6.
1381 4229 1576 4284 clementiam:
1594 4247 1649 4284 ma.
1666 4233 1773 4298 parler.

565 4313 655 4377 suppl.
677 4312 705 4364 in
726 4327 820 4378 mmg.
842 4339 875 4348 —
895 4313 921 4364 8.
948 4310 1096 4376 spiritum:
1123 4327 1161 4363 m.
1187 4328 1243 4364 our.
1259 4314 1367 4377 poster.
1383 4310 1413 4362 iu
1432 4327 1491 4364 ros.
1512 4311 1600 4364 locos
1622 4311 1715 4364 adr-ns.
1741 4341 1775 4348 —

569 4409 610 4456 13.
626 4393 685 4444 Tu:
707 4408 784 4444 corr.
805 4408 844 4444 cr·
867 4391 919 4444 Te.
941 4423 974 4430 -
995 4408 1038 4444 20.
1064 4391 1193 4444 homine:
1220 4395 1287 4457 pos!
1305 4409 1321 4442 e
1342 4393 1426 4444 noros
1446 4407 1484 4443 m.
1506 4421 1540 4432 -
1565 4391 1772 4458 triumphatus:

566 4490 609 4526 us.
631 4490 687 4526 rua.
703 4475 812 4539 parler.
833 4477 893 4538 sup.
915 4490 943 4526 o.

540 4699 572 4779 ss)
589 4701 641 4762 Nil
667 4700 781 4762 mirum
806 4699 892 4779 quod
919 4699 949 4759 in
974 4699 1083 4760 codice
1107 4697 1138 4759 in
1165 4720 1256 4761 usum
1290 4699 1438 4780 Episcopi
1469 4701 1565 4762 nostri
1596 4701 1773 4781 conscripto

497 4799 676 4861 inveniatur
695 4799 774 4860 ritus
790 4797 1052 4865 exorcismorum
1079 4797 1144 4876 ipsc
1169 4797 1358 4859 Ambrosius
1374 4810 1489 4870 noster,
1509 4799 1538 4860 in
1557 4803 1643 4880 tpirl.
1671 4801 1780 4862 XXII

496 4900 540 4959 ad
560 4900 791 4964 dlor'cellr'norrr.
811 4917 924 4958 neonus
941 4899 1167 4978 impositionem
1184 4903 1279 4976 s'uper
1295 4899 1441 4959 obsessos
1464 4920 1480 4959 a
1499 4898 1653 4960 daemone
1677 4898 1772 4960 veluti

496 4999 535 5058 ab
561 4997 719 5076 Episcopo
743 4997 855 5056 saetam
880 4995 930 5056 bis
952 5007 1186 5057 commemorat.

546 5116 570 5157 1.
596 5095 691 5155 Gerb.
722 5101 791 5164 128,
822 5113 890 5170 133,
918 5095 1009 5155 Mart.
1036 5092 1114 5154 Ord.
1143 5093 1181 5163 11,
1210 5093 1265 5155 111.
