4084 6128
530 505 562 554 1⁶
807 551 809 556 ,
872 506 880 514 ’
924 503 1189 559 PONTIFICALE
1214 505 1323 560 SAEC.
1353 504 1432 559 IX(
1482 512 1493 562 “.

525 749 674 824 vitatem
707 773 774 845 per
807 765 1036 846 tympanum,
1072 749 1332 825 iocunditatem
1362 777 1429 848 per
1460 752 1687 848 cymbalum;
1717 781 1805 853 qua-

525 891 633 948 tenus
661 875 811 949 invitare
840 873 986 949 valeant
1013 874 1048 946 in
1078 873 1216 971 templo
1245 893 1475 961 sanctorum
1508 879 1584 952 suis
1612 879 1803 978 obsequiis

524 1016 562 1074 et
589 999 774 1097 precibus,
805 999 1003 1074 exercitum
1031 1000 1261 1098 angelorum.
1294 1002 1373 1076 Per.

633 1148 692 1220 34.
714 1126 791 1200 Hic
811 1133 991 1199 conantur
1001 1127 1144 1224 psalmi
1157 1152 1234 1215 sex,
1259 1128 1351 1202 zilest
1366 1156 1391 1203 o
1413 1128 1543 1206 Lauda
1561 1131 1686 1205 anima
1706 1155 1799 1218 mea,

479 1281 494 1332 s
524 1277 634 1348 usque
660 1251 715 1326 ad
726 1251 844 1347 finem
856 1252 1050 1349 psalterii:
1068 1261 1104 1326 et
1122 1253 1210 1327 dum
1229 1264 1401 1329 cantatur
1417 1255 1521 1329 lavas
1539 1281 1618 1330 eam
1645 1255 1690 1329 de
1706 1281 1803 1353 aquo

523 1377 698 1451 berredz'cto
726 1403 806 1450 cum
833 1376 906 1449 oleo
931 1386 966 1450 et
990 1377 1076 1452 sate.

666 1691 690 1728 1.
711 1689 762 1742 per
780 1681 964 1740 tympanum;
989 1671 1128 1738 tympani,
1151 1671 1182 1724 B.
1211 1699 1244 1714 ·-
1264 1685 1315 1738 per
1338 1670 1515 1738 cymbalum:
1542 1672 1675 1739 cymbali,
1706 1675 1738 1730 B.
1768 1705 1802 1720 -

592 1773 619 1823 3.
641 1753 796 1810 exercitum
815 1769 893 1808 corr.
919 1769 959 1808 ex
984 1751 1134 1806 exercitus.
1154 1781 1189 1792 -
1208 1767 1235 1817 4.
1256 1749 1316 1804 Hic
1336 1754 1501 1806 cantuar...
1516 1751 1633 1808 levitae:
1663 1756 1735 1810 Post
1750 1759 1802 1812 troc

592 1852 678 1890 conos
684 1837 814 1904 psalmos
826 1835 867 1888 VI
879 1852 885 1887 ι
909 1831 1007 1887 lauda
1020 1833 1116 1887 anima
1134 1849 1199 1885 mea
1213 1831 1370 1886 Dominum
1382 1849 1388 1896 ;
1409 1848 1496 1900 usque
1514 1833 1544 1888 io
1558 1832 1646 1896 finem
1652 1837 1802 1904 psalterii:

590 1920 620 1972 et
636 1918 702 1971 dum
721 1918 818 1970 contos
836 1915 913 1968 toves
930 1930 994 1968 enon
1011 1914 1046 1967 de
1063 1929 1137 1984 aquo
1155 1912 1295 1968 benedicto
1314 1914 1374 1966 oleo
1387 1915 1494 1976 etrele,
1513 1918 1542 1968 et
1557 1914 1629 1968 dr'cit
1644 1917 1718 1970 hooc
1735 1933 1802 1972 oro-

592 1998 711 2052 tionem:
725 1997 804 2050 Deus
823 1995 872 2062 qui
892 2011 942 2062 per
962 1995 1082 2061 Moysen
1101 1993 1251 2060 legiferum
1269 1993 1352 2047 tubas
1371 2002 1521 2060 argenteas
1540 1994 1600 2049 fieri
1619 1997 1799 2066 praecepisti,

592 2093 664 2148 quas
682 2077 752 2131 dum
772 2075 875 2133 levitae
892 2085 1022 2145 tempore
1041 2073 1205 2129 sacrificii...
1225 2074 1263 2128 B.

524 2369 540 2402 e
559 2345 656 2414 Deus,
682 2363 780 2422 usque
805 2343 966 2422 adfinem
987 2343 1117 2422 psalmi,
1149 2347 1181 2402 et
1200 2343 1278 2402 dicr‘s
1307 2341 1478 2403 collectam:
1501 2342 1714 2423 Omnipotens
1733 2345 1800 2437 ,ἀο-

523 2466 541 2500 ι
557 2442 693 2504 minator
710 2440 835 2504 Christe
858 2451 914 2502 etc.
934 2441 975 2502 Et
991 2440 1068 2501 haec
1084 2439 1124 2500 de
1147 2437 1230 2520 signi
1249 2437 1477 2502 benedictione.
1497 2478 1536 2487 -
1556 2441 1669 2505 Clocca
1692 2454 1797 2505 autem

524 2565 540 2598 e
556 2541 646 2604 cuius
664 2551 712 2604 est
729 2539 760 2601 in
777 2539 846 2602 cod.
867 2537 1015 2600 Remensi
1033 2537 1161 2608 mentio,
1179 2537 1307 2618 signum
1325 2549 1380 2609 est,
1396 2537 1478 2610 nola,
1492 2560 1654 2619 campana,
1667 2541 1796 2622 gallice:

522 2641 661 2704 «cloelia
689 2639 735 2700 lta
758 2637 851 2700 docet
874 2636 1055 2700 Otbolonus
1089 2635 1142 2698 lib.
1170 2656 1198 2698 2.
1223 2635 1264 2698 de
1287 2634 1352 2698 vita
1375 2637 1407 2698 S.
1434 2637 1585 2700 Bonisacii
1610 2639 1704 2718 episc.
1731 2640 1798 2702 Mo

522 2763 538 2796 e
554 2737 696 2821 guntini:
720 2738 845 2800 Interea
866 2739 996 2815 sigum
1019 2737 1160 2796 ecclesroe
1182 2736 1267 2814 qood
1286 2736 1383 2814 vulgo
1404 2737 1565 2816 appellari
1584 2739 1660 2800 solet
1679 2737 1797 2800 Glocca

521 2863 537 2896 e
554 2837 648 2918 (lege,
678 2837 800 2914 Clocco)
822 2835 936 2914 absque
958 2834 1095 2894 hermano
1118 2839 1201 2894 motu
1224 2853 1336 2895 sonore
1356 2837 1517 2914 coepit...»

562 2937 738 3016 Hucusque
763 2932 906 3002 Menard,
930 2931 971 2992 ad
995 2951 1076 3012 quae
1100 2951 1200 3011 pauca
1223 2931 1340 2992 addere
1363 2929 1468 2994 liceat:
1494 2933 1580 3013 quod
1604 2933 1636 2994 in
1662 2935 1793 2998 Remen.

516 3035 586 3098 cod.
610 3032 727 3095 dicitur
746 3035 851 3102 clocca,
870 3031 901 3091 in
926 3041 1034 3092 nostro
1049 3030 1119 3091 cod.
1136 3028 1254 3092 dicitur
1269 3032 1369 3096 cocio:
1386 3050 1469 3111 quae
1485 3051 1655 3112 parumper
1670 3043 1794 3096 tantum

516 3135 557 3196 ab
580 3131 734 3195 hodierna
756 3128 881 3212 vulgari
906 3127 1133 3190 mediolanensi
1150 3148 1227 3189 voce
1249 3131 1339 3198 cioca,
1366 3148 1422 3208 per
1445 3130 1609 3192 metatesin
1634 3131 1743 3194 literae
1766 3135 1793 3204 i,

516 3232 636 3295 differt:
661 3251 700 3292 ex
723 3231 794 3300 hoc,
823 3240 854 3290 et
881 3226 1072 3308 quibusdam
1098 3226 1169 3288 aliis
1192 3225 1318 3289 indiciis
1340 3227 1498 3290 deducere
1522 3229 1567 3290 sas
1589 3241 1637 3292 est
1660 3249 1717 3292 ms.
1742 3251 1796 3293 no

516 3343 616 3394 strum
642 3327 815 3392 Mediolani
833 3326 928 3389 fuisse
943 3337 1115 3388 exaratum.
1134 3325 1274 3387 Adverte
1298 3325 1441 3406 insuper:
1465 3327 1552 3407 quod
1576 3327 1645 3407 ipsa
1667 3329 1793 3392 rubrica

515 3429 585 3492 cod.
611 3428 719 3499 nostri,
736 3428 777 3489 de
792 3425 890 3488 verbo
905 3424 947 3486 ad
971 3423 1103 3486 verbum
1120 3422 1311 3486 conveniens
1326 3445 1398 3486 cum
1415 3423 1470 3486 illa
1485 3425 1697 3507 antiquissimi
1721 3427 1791 3490 cod.

517 3526 692 3598 Remensis,
713 3524 833 3587 indicat
856 3522 1010 3585 Ordinem
1030 3521 1126 3601 hujus
1150 3521 1379 3584 benedictionis
1394 3523 1434 3584 ab
1454 3521 1548 3585 unico
1564 3534 1595 3586 et
1610 3523 1793 3588 authentico

515 3624 686 3705 exemplari
710 3623 806 3686 fuisse
821 3621 1010 3691 derivatum,
1029 3631 1064 3683 ut
1087 3619 1155 3700 ipsa
1174 3617 1316 3683 locorum
1333 3619 1516 3684 dissitorum
1541 3621 1709 3684 diversitas
1724 3643 1794 3687 sua·

515 3725 590 3788 dere
612 3723 748 3793 videtur,
764 3721 796 3783 in
818 3740 884 3803 quo
906 3719 974 3800 ipse
996 3718 1103 3798 lapsus
1126 3718 1327 3781 amanuensis
1351 3719 1382 3780 in
1406 3719 1562 3783 oratione:
1592 3723 1794 3802 Omnipotens

515 3825 691 3886 dominator
718 3821 850 3890 Christe,
875 3818 935 3890 cui,
960 3820 1122 3898 (proquo)
1144 3816 1322 3898 legebatur:
1345 3818 1449 3898 ipsum
1473 3818 1603 3899 insuper
1625 3819 1791 3892 Ordinem,

515 3942 587 3984 cum
604 3920 727 3982 nullum
750 3918 893 3998 ejusdem
917 3915 1086 3996 vestigium
1122 3915 1155 3977 in
1179 3915 1271 3978 codd.
1300 3915 1478 3979 Gelasianis
1512 3917 1695 3997 reperiatur,
1724 3939 1794 3982 cen·

515 4021 649 4082 sendum
666 4037 734 4080 esse
746 4015 843 4078 veluti
860 4013 1103 4096 Gregorianum,
1122 4014 1167 4075 uti
1181 4013 1315 4076 Menard
1332 4014 1400 4095 ipse
1415 4013 1448 4094 (1.
1466 4019 1508 4095 c.)
1523 4028 1688 4079 autumare
1707 4017 1792 4081 sinit.

517 4118 663 4181 Eundem
692 4114 847 4179 Ordinem
871 4113 903 4175 in
928 4111 1148 4175 benedictione
1170 4112 1254 4194 signi
1283 4113 1378 4176 habet
1401 4113 1487 4176 aliud
1514 4103 1696 4178 Pontificale
1727 4137 1793 4180 ace·

516 4216 647 4297 phalum
671 4213 819 4278 ecclesiae
854 4222 978 4276 nostrae
1010 4209 1281 4290 Metropolitanae,
1306 4213 1346 4284 B,
1370 4211 1426 4274 sed
1449 4211 1490 4274 ab
1514 4212 1636 4276 Ordine
1660 4215 1793 4277 Dedica-

516 4314 611 4378 tionis
646 4313 795 4377 ecclesiae
816 4309 947 4374 omnino
970 4309 1164 4382 distinctum,
1190 4319 1226 4372 ut
1249 4309 1281 4371 in
1304 4308 1498 4390 praefatione
1514 4310 1581 4391 jam
1616 4312 1738 4375 notavi:
1761 4324 1793 4376 et

515 4413 633 4478 codicis
656 4415 688 4475 Α
711 4409 911 4474 collationem
934 4408 1029 4470 etiam
1053 4429 1124 4470 cum
1149 4408 1209 4471 hoc
1231 4407 1335 4483 tertio,
1358 4429 1487 4491 quoque
1510 4408 1713 4474 instituimus.

606 4533 657 4592 34.
682 4511 778 4573 Gerb.
804 4514 856 4582 62,
890 4509 982 4570 Mart.
1016 4506 1094 4570 Ord.
1122 4506 1145 4578 1,
1172 4507 1228 4570 111.
1275 4503 1414 4586 *)Cum
1442 4508 1483 4571 ad
1513 4507 1670 4572 rubricam
1701 4531 1793 4591 supe-

517 4611 609 4676 rioris
630 4609 783 4674 orationis
806 4607 894 4670 nulla
916 4607 970 4668 fiat
993 4605 1112 4668 mentio
1127 4605 1169 4668 de
1187 4605 1257 4668 oleo
1273 4617 1305 4668 et
1328 4606 1393 4668 sale
1416 4605 1586 4670 miscendis
1609 4627 1681 4670 cum
1698 4629 1791 4690 aqua,

517 4710 594 4773 haec
617 4709 714 4771 verba
737 4707 868 4770 sortasse
890 4704 1083 4767 videbuntur
1106 4707 1260 4769 obscura:
1285 4705 1341 4768 sed
1365 4704 1487 4785 praxim
1511 4705 1674 4787 antiquam
1699 4707 1794 4771 refert

517 4809 663 4872 Mortene
678 4805 744 4888 (De
757 4808 855 4885 antiq.
873 4804 956 4868 Eccl.
974 4805 1041 4864 rit:
1058 4804 1095 4865 de
1116 4804 1259 4865 benedict.
1276 4807 1451 4884 sepnomm,
1462 4810 1500 4884 p.
1516 4803 1601 4888 830.)
1616 4825 1655 4866 ex
1672 4805 1791 4869 Rituali

519 4905 686 4970 Leodiensi
707 4925 758 4970 an.
781 4922 881 4982 1553:
902 4924 919 4958 ‹
934 4902 1051 4966 Bened.
1067 4922 1177 4981 oquae.
1195 4902 1342 4974 Benedic‚
1369 4901 1516 4974 Domine,
1534 4922 1649 4984 aquam
1667 4901 1791 4970 istam...

522 5029 537 5060 ι
554 5005 732 5069 Sacerdotes
753 5003 805 5064 vel
824 5003 930 5063 clm'ci
950 5001 1057 5062 dicant
1077 5003 1129 5062 vel
1148 5003 1347 5062 cantandos
1363 5003 1525 5082 psalmos:
1553 5001 1664 5064 Lauda
1686 5001 1792 5065 anima

522 5127 538 5158 ε
555 5122 656 5168 mea...
678 5103 723 5165 Et
743 5102 870 5163 interim
888 5105 990 5182 ponat
1010 5117 1191 5162 consecrans
1205 5117 1331 5162 saonem
1348 5102 1451 5162 oleum
1460 5099 1576 5182 pollice
1590 5117 1645 5176 seu
1662 5102 1792 5182 or'rgoto
