4078 6126
402 495 430 548 11
450 495 570 556 ORDO‚
593 493 644 545 EX
663 493 753 546 COD.
776 491 900 544 anlL.
921 491 1093 545 AMBROS.
1114 491 1224 544 SAEC.
1245 490 1311 543 XV.
1448 503 1498 553 129

328 761 345 808 2
354 758 387 827 3.
411 736 486 806 His
500 745 619 808 autem
631 738 802 831 peractis,
824 737 955 810 chorus
972 737 1086 809 dictae
1103 735 1263 807 ecclesiae
1279 735 1397 805 sacnti
1408 734 1499 804 Arn-

218 863 332 935 brosii
356 871 430 934 tam
449 863 611 934 canonici
624 889 734 958 quam
762 864 904 936 monaci
920 861 1148 959 pluvialibus
1169 859 1295 932 induti
1308 867 1344 931 et
1364 859 1496 941 ornati,

218 999 260 1061 ut
285 989 556 1084 supradictum
584 997 644 1073 est,
675 989 899 1062 ccreaoimiter
920 990 997 1064 alta
1024 1013 1102 1061 noce
1120 986 1264 1058 dicant:
1287 985 1344 1058 Te
1373 985 1499 1058 Deum

217 1113 423 1188 laudamus,
451 1113 572 1186 Ceteri
585 1139 668 1186 vero
692 1115 815 1186 clerici
838 1115 1096 1212 respondeant:
1114 1112 1169 1185 Te
1192 1110 1396 1185 Dominum
1415 1135 1499 1183 con-

218 1241 374 1326 fitemur,
402 1249 439 1313 et
462 1241 513 1312 sic
539 1240 755 1312 alternando
782 1267 895 1337 eosque
922 1242 961 1312 iu
978 1239 1108 1335 finem.
1527 1269 1542 1318 5

328 1391 387 1458 24.
410 1367 498 1438 Post
523 1366 608 1438 leaeo
635 1367 805 1439 ascendat
819 1367 1070 1439 serenissimus
1088 1365 1290 1461 imperator
1307 1364 1362 1436 ad
1383 1364 1498 1436 locum

215 1493 287 1566 sibi
296 1502 487 1590 paratum,
518 1503 553 1564 et
577 1492 630 1565 ibi
653 1502 721 1564 stet
746 1494 784 1565 in
804 1493 897 1589 pede
923 1501 1026 1576 recto,
1048 1517 1175 1564 versus
1186 1491 1374 1586 pulpitum
1394 1490 1501 1562 donec

218 1621 445 1692 decantatum
452 1619 581 1714 suerit
596 1621 843 1714 mangelium:
851 1618 965 1714 finito
983 1643 1077 1704 vero,
1098 1616 1220 1690 sedeat
1236 1618 1275 1689 in
1293 1617 1421 1689 tlerono
1435 1641 1500 1688 seco

218 1772 329 1844 usque
356 1745 410 1817 ad
433 1771 566 1817 crocinus
593 1742 830 1843 offerendum.

326 1874 502 1969 Sequitur
530 1874 663 1946 Messa.
1530 1905 1563 1939 ιο

328 2019 387 2092 25.
416 1999 547 2071 Oratio
563 2008 675 2094 super
695 2001 901 2077 sindonem:
929 2001 1089 2086 Praesta,
1112 2025 1351 2097 quaesumnS,
1382 1999 1503 2071 omni-

219 2140 353 2220 potens
387 2125 510 2208 DeuS,
542 2124 673 2221 utqui
707 2140 794 2196 tuae
830 2124 1033 2198 maiestatis
1067 2127 1200 2199 effectu
1230 2149 1297 2221 per
1333 2122 1413 2196 Filii
1448 2125 1500 2197 tui

219 2248 383 2324 mirabile
403 2265 674 2323 sacramentum
702 2266 927 2346 cooperante
950 2267 1079 2324 sancto
1108 2251 1246 2348 Spiritu
1274 2266 1362 2323 sunt
1383 2251 1500 2324 renati

218 2374 388 2449 caelestis
415 2375 513 2448 vitae
542 2374 633 2448 fiant
659 2377 942 2450 conversatione
970 2378 1152 2474 perpetui.

323 2500 418 2572 Alea
455 2500 594 2578 oratio:
631 2499 883 2596 Omnipotens
920 2503 1145 2598 sempiterne
1189 2503 1313 2588 Deus,
1353 2502 1417 2598 qui
1454 2501 1502 2574 de
1532 2537 1563 2586 15

220 2625 328 2722 plebe
357 2641 420 2700 tua
440 2625 581 2721 imperii
602 2627 751 2724 fastigio
781 2627 957 2700 famulum
987 2645 1090 2702 tuum
1112 2630 1161 2707 N.
1180 2628 1357 2727 dignatus
1384 2656 1425 2703 es
1445 2656 1503 2704 su-

219 2750 381 2836 blimare,
413 2751 469 2824 sac
489 2778 574 2825 eum
603 2752 828 2840 humilitatis,
851 2755 1010 2828 iustitiae
1029 2772 1309 2854 ceterarumque
1328 2757 1502 2830 virtutum

220 2880 320 2953 bono
346 2880 566 2953 exuberare:
590 2896 631 2953 ut
658 2905 681 2953 a
709 2897 795 2954 tuae
823 2883 987 2955 veritatis
1006 2883 1151 2956 tramite
1181 2908 1256 2955 non
1285 2884 1443 2970 recedat,
1465 2901 1504 2958 et

220 3006 266 3080 ad
294 3023 342 3090 te,
373 3009 436 3104 qui
466 3008 540 3080 vita
567 3033 618 3092 ες,
649 3008 837 3104 gratiosus
870 3008 1072 3103 perveniat.
1104 3009 1174 3081 Per
1202 3009 1408 3082 Dominum
1430 3026 1499 3083 etc.

329 3139 388 3206 26.
411 3133 587 3228 Sequetur
605 3133 733 3205 oblatio
751 3135 865 3229 panis
882 3144 917 3206 et
934 3136 1029 3215 viui·
1056 3161 1129 3230 qna
1145 3134 1265 3229 sacto,
1288 3135 1498 3230 imperator,
1531 3176 1565 3211 20

222 3283 348 3330 corona
370 3259 540 3354 deposita,
562 3259 616 3330 ad
632 3260 752 3331 altare
778 3260 930 3344 accedat,
952 3269 987 3332 et
1004 3260 1057 3332 ibi
1071 3258 1206 3358 offerat
1223 3285 1358 3332 mumcs
1374 3261 1429 3333 ad
1446 3261 1504 3333 de·

222 3410 334 3456 eorem
367 3394 402 3456 et
432 3394 683 3457 oruamentum
716 3385 807 3457 dicti
829 3387 982 3458 altaris:
1008 3411 1081 3482 qua
1109 3385 1284 3458 oblatione
1314 3387 1365 3458 sic
1379 3386 1499 3482 sacta,

215 3511 470 3607 praecipiatur
489 3511 569 3608 (sic)
582 3521 655 3606 per
677 3511 861 3582 donn‘uum
872 3513 1124 3606 praepositum
1138 3519 1174 3582 et
1189 3513 1372 3584 carcouicos
1389 3513 1504 3585 dictae

222 3636 389 3719 ecclesiae,
413 3638 481 3731 qui
500 3636 661 3708 aderunt
676 3636 730 3707 ad
744 3636 942 3709 custodiam
958 3637 1145 3733 praedicti
1159 3637 1305 3724 altaris,
1325 3638 1432 3711 donec
1449 3639 1502 3711 di-

366 3901 408 3936 10.
429 3884 564 3950 Sequitur
583 3884 685 3945 Misso,
703 3887 771 3938 etc..·
791 3883 871 3938 iiiios,
899 3883 973 3946 Vic.,
995 3884 1096 3938 ceteris
1115 3884 1239 3948 omissis,
1260 3885 1342 3952 ponit
1361 3893 1392 3939 ut
1411 3885 1499 3941 infra:

293 3966 380 4016 Facta
398 3964 538 4017 oblatione
549 3964 638 4031 pateis
655 3969 684 4018 et
701 3965 764 4018 uini
782 3965 811 4018 in
837 3968 937 4026 altare,
963 3969 1028 4018 lum
1047 3965 1213 4032 inperator,
1238 3982 1344 4020 corono
1367 3967 1501 4034 deposita,

293 4047 331 4098 od
348 4047 440 4098 altare
463 4047 582 4106 accedat,
601 4049 630 4098 et
646 4045 686 4098 ibi
710 4045 816 4112 offerat
833 4063 935 4099 innocus
957 4047 996 4099 od
1017 4048 1145 4099 decorem
1164 4050 1193 4099 et
1216 4051 1414 4100 ornamentum
1433 4048 1504 4101 dieti

294 4126 407 4180 altoris.
431 4126 493 4190 Qua
513 4126 652 4179 oblatione
670 4126 711 4179 sic
725 4127 818 4193 facto,
833 4127 1014 4193 percipiatur
1027 4133 1082 4193 per
1100 4128 1246 4180 domimnn
1259 4128 1457 4195 praepositum
1475 4132 1504 4182 ct

294 4207 442 4259 canonicos
469 4206 559 4260 dietae
586 4207 726 4269 ecclesiae,
756 4207 807 4273 qni
833 4208 955 4260 aderrcnt
980 4209 1019 4260 od
1043 4207 1199 4261 custodiam
1228 4210 1333 4262 altoris
1348 4209 1501 4276 praedicti,

294 4289 379 4341 donec
397 4287 573 4354 dispernemr
591 4287 629 4340 ad
645 4289 816 4341 oolrcutotem
834 4287 904 4340 dicti
922 4287 1115 4354 imperatoris.
1135 4289 1176 4340 Et
1191 4288 1233 4341 sic
1241 4289 1333 4354 sacto,
1352 4291 1450 4342 redeat
1466 4291 1504 4343 ad

295 4371 386 4422 locum
398 4385 481 4420 socom
499 4384 562 4420 cum
580 4368 710 4421 diadema
729 4367 759 4420 iu
777 4368 876 4435 capite,
895 4372 924 4421 et
940 4368 980 4420 ibi
998 4372 1053 4422 stet
1069 4385 1155 4434 nsqm
1173 4369 1211 4422 od
1227 4369 1412 4436 receptionem
1434 4371 1502 4424 Cor·

289 4449 374 4516 poris
391 4452 420 4502 et
436 4448 587 4514 sanguinis
611 4448 734 4501 Domini
751 4449 845 4501 nostri
863 4449 957 4514 ltresu
980 4449 1103 4502 coristi:
1120 4452 1149 4502 et
1168 4453 1233 4502 lum
1251 4467 1280 4503 se
1292 4453 1450 4518 praeparet
1465 4452 1504 4504 od

295 4529 486 4597 recipiendum
504 4545 618 4582 socrum
645 4529 875 4582 communionem
894 4533 959 4582 ante
981 4531 1074 4582 attare
1091 4531 1125 4584 de
1143 4546 1229 4583 enaim
1253 4531 1323 4583 dicti
1340 4530 1499 4598 pontificis.

296 4610 499 4677 Subsequenter
511 4608 640 4676 finiatur
658 4609 759 4663 ltlc'sso.
784 4610 848 4675 roa
862 4609 961 4676 finita,
973 4610 1170 4677 pontificalem
1188 4609 1404 4665 benedictionem
1423 4628 1501 4665 reve-

296 4695 393 4744 rennr
411 4690 539 4758 accipiat.
556 4690 619 4755 Qeco
633 4691 725 4758 sacto,
745 4707 762 4743 a
780 4691 841 4744 suis
859 4690 1011 4744 baronibus
1027 4692 1179 4745 assotictur
1197 4691 1236 4746 od
1245 4692 1389 4759 palatium
1407 4709 1489 4746 sicum

294 4773 396 4825 Sermo
420 4788 489 4825 vero
496 4771 554 4838 fiet
564 4771 594 4825 iu
608 4772 700 4825 Missa
713 4775 777 4826 onte
789 4771 1027 4826 consecrationem
1049 4772 1184 4838 Corporis
1206 4773 1323 4827 Christi.
1341 4804 1370 4812 -
1390 4789 1432 4839 19.
1447 4773 1499 4826 ad:

294 4869 371 4906 corr.
391 4869 432 4906 ex
450 4867 477 4906 a.

272 5103 322 5161 ²3·
347 5081 426 5143 Ord.
452 5081 544 5142 Rom.
574 5099 644 5158 151.
