4078 6126
516 537 564 586 130
762 523 966 576 APPENDIX
986 524 1041 575 AD
1064 524 1331 578 PONTIFICALE
1350 525 1459 580 SAEC.
1487 526 1541 579 lX.

510 777 698 863 sponsetur
724 769 778 841 ad
792 768 1006 842 voluntatem
1018 769 1191 865 praesnti
1205 769 1447 865 einperotorzs.
1468 771 1522 842 Et
1543 771 1594 842 sic
1604 772 1718 866 sacto,
1741 800 1797 846 re·

510 896 594 968 dent
618 896 672 967 ad
694 895 809 968 locrem
836 919 944 966 snnrn
971 920 1052 967 enm
1072 895 1238 968 diadema
1261 896 1299 967 in
1318 895 1442 991 capite,
1463 905 1498 967 et
1515 896 1569 968 tbi
1590 906 1660 969 stet
1684 923 1799 994 nsque

510 1022 564 1094 ad
591 1023 821 1118 receptionem
857 1021 1020 1117 corperis
1050 1031 1085 1092 et
1113 1021 1308 1116 sanguinis
1345 1022 1502 1094 Domini
1534 1025 1653 1096 nestri
1679 1024 1794 1102 Jtesu

518 1147 675 1230 Ctn‘sn',·
692 1157 727 1220 et
745 1157 828 1219 tnnc
854 1173 891 1218 se
910 1156 1115 1243 praeparet
1133 1146 1188 1219 od
1209 1148 1454 1244 reez'pzendnm
1477 1175 1621 1222 sacrem
1643 1176 1795 1224 commn-

465 1303 479 1352 s
508 1277 647 1347 inertem
674 1285 758 1348 arete
784 1276 903 1347 altere
930 1274 973 1346 rte
999 1298 1110 1345 neenn
1133 1273 1305 1370 praesnti
1320 1273 1518 1371 pontificis.

622 1421 681 1492 27.
717 1401 770 1474 Et
799 1401 1053 1496 subsequenter
1080 1399 1258 1498 procedet
1296 1399 1465 1473 domenns
1503 1402 1796 1500 erclnepe'seopns

509 1527 692 1610 Missam,-
710 1536 745 1598 et
760 1535 906 1598 cantata
925 1525 1111 1624 offerenda
1126 1527 1244 1600 dcent:
1265 1525 1452 1601 Dominus
1466 1527 1669 1602 vobiscum.
1691 1529 1794 1626 Sym·

508 1651 645 1725 belnrn:
669 1651 793 1726 Credo
813 1651 848 1724 in
870 1677 984 1724 unum
1006 1651 1142 1726 Deum.
1172 1651 1253 1741 Quo
1263 1651 1387 1747 finito,
1413 1654 1579 1749 seqnitur
1597 1656 1716 1727 oratio
1733 1681 1791 1728 sn·

501 1789 574 1874 per
602 1779 769 1852 oblatam.

447 1943 479 1979 10
621 1911 680 1978 28.
704 1906 864 1992 Praesta,
891 1930 1129 2004 quaesumus
1153 1906 1333 1980 Domine:
1353 1921 1394 1978 ut
1413 1906 1617 1979 secundum
1639 1908 1791 2003 promis-

507 2033 651 2105 sionem
682 2031 762 2105 Filii
792 2033 844 2105 tui
870 2033 918 2106 D.
942 2033 989 2106 N.
1007 2032 1037 2127 J.
1064 2031 1107 2104 C.
1129 2031 1289 2128 Spiritus
1316 2048 1465 2105 sanctus
1494 2047 1532 2106 et
1551 2031 1660 2105 huius
1684 2033 1790 2106 nobis

507 2159 672 2232 sacrificii
692 2159 879 2254 copiosius
899 2156 1037 2232 revelet
1056 2157 1267 2244 archanum,
1293 2174 1331 2231 et
1358 2183 1507 2232 ornnem
1528 2158 1710 2254 propitius
1739 2184 1792 2232 re·
1875 2207 1879 2214 ·

505 2300 605 2359 seret
632 2285 835 2358 veritatem.

613 2411 707 2483 Ate'e
721 2412 858 2488 eretee:
870 2407 905 2508 *)
924 2411 1093 2494 Munera,
1116 2409 1289 2495 Domine,
1307 2433 1547 2507 quaesumus,
1565 2408 1690 2483 oblata
1709 2435 1790 2484 san-

444 2575 475 2624 15
504 2535 638 2622 ctifica,
670 2553 711 2610 ut
742 2551 780 2610 et
808 2536 916 2610 nobis
955 2535 1147 2632 Unigeniti
1182 2534 1233 2607 tui
1266 2559 1401 2632 corpus
1430 2550 1468 2607 et
1495 2535 1651 2632 sanguis
1686 2535 1786 2622 fiant,

504 2678 542 2734 et
572 2663 619 2736 N.
651 2663 861 2760 imperatori
883 2678 1010 2736 nostro
1029 2661 1076 2734 ad
1105 2661 1347 2757 optinendam
1375 2662 1521 2734 animae
1548 2662 1788 2760 corporisque

505 2787 720 2862 salutemet
741 2788 788 2861 ad
812 2787 1068 2886 peragendum
1095 2787 1298 2861 iniunctum
1327 2786 1495 2874 offitium,
1527 2804 1563 2862 te
1591 2787 1783 2887 largiente,

505 2941 775 3013 usquequaque
804 2914 975 3012 profitiat.
1008 2916 1078 2988 Per
1105 2914 1277 3000 eundem,
1309 2930 1377 2988 etc.

617 3065 675 3130 29.
707 3041 917 3137 Praefatio.-
945 3041 990 3113 V.
1021 3041 1186 3113 Aeterne
1217 3040 1323 3113 Deus
1342 3065 1409 3136 per
1438 3039 1625 3116 Christum
1657 3041 1788 3114 Domi·

441 3195 475 3229 20
505 3194 592 3240 num
624 3183 800 3240 nostrum.
833 3167 903 3240 Per
921 3192 1033 3262 quem
1063 3183 1099 3239 te
1128 3165 1314 3263 supplices
1343 3192 1519 3264 rogamus
1547 3185 1585 3242 et
1613 3167 1783 3264 petimus

502 3311 543 3368 ut
565 3296 659 3368 sicut
688 3293 795 3367 nobis
818 3308 991 3366 aeternae
1012 3291 1217 3365 securitatis
1246 3291 1396 3377 aditum,
1429 3292 1603 3388 passione
1633 3292 1785 3366 Domini

503 3422 615 3493 nostri
648 3420 735 3515 Jesu
773 3418 910 3492 Christi
948 3432 986 3489 et
1021 3415 1180 3513 Spiritus
1218 3419 1333 3490 sancti
1370 3418 1650 3492 inluminatione
1687 3443 1788 3492 rese-

501 3546 605 3626 rasti:
635 3546 685 3618 sic
714 3545 824 3618 etiam
854 3542 1157 3640 tranquillitatem
1194 3544 1290 3616 vitae
1328 3545 1535 3640 praesentis
1573 3542 1782 3642 indulgeas:

501 3697 706 3769 perquam
736 3669 826 3743 tanti
855 3669 943 3742 doni
973 3669 1170 3766 participes
1199 3669 1349 3743 devotio
1382 3672 1508 3767 quieta
1540 3669 1717 3767 proficiat,
1748 3688 1786 3744 et

439 3824 470 3872 25
501 3797 752 3894 negligentiae
782 3812 898 3868 terror
926 3793 1047 3866 illatus
1076 3793 1123 3867 ad
1152 3794 1237 3868 fidei
1268 3795 1509 3870 transferatur
1527 3812 1782 3893 augmentum.

502 3923 571 3996 Per
599 3922 773 3996 eundem.

608 4071 668 4139 30.
699 4047 789 4120 Fiat
813 4074 931 4121 sermo
948 4056 1031 4119 ante
1049 4047 1273 4120 etenetzenem
1303 4049 1552 4123 Sacramente':
1570 4059 1605 4122 et
1619 4053 1786 4148 seqnitur

499 4175 631 4258 illesse,
663 4184 706 4246 nt
731 4176 843 4246 neoris
870 4184 929 4254 est,
962 4173 1049 4245 date
1071 4184 1162 4269 paee
1188 4183 1271 4245 ante
1298 4176 1596 4257 coennneneonene:
1622 4186 1657 4249 et
1675 4176 1785 4272 secto

498 4301 740 4394 eorremnm'nne
746 4309 819 4396 per
837 4299 1022 4371 dnnn'nnm
1035 4298 1354 4395 ercheepe'seepnm,
1376 4302 1628 4374 serenesse'mns
1641 4328 1713 4374 ren
1730 4329 1785 4375 ec-

436 4461 471 4508 30
497 4425 600 4498 cedat
623 4427 678 4498 ed
691 4428 820 4506 altere,
846 4427 1005 4522 deposita
1033 4450 1173 4509 ceretto,
1204 4434 1239 4497 et
1264 4427 1418 4523 reeipe'nt
1444 4429 1722 4500 commnne'onem
1741 4429 1785 4500 de

497 4577 610 4624 emme
623 4554 794 4649 praepeti
812 4553 952 4624 dennin'
975 4552 1254 4648 erelnepescept:
1272 4563 1307 4624 et
1321 4554 1382 4636 se'c,
1401 4554 1510 4648 secta
1529 4557 1780 4640 eemnnnnone,

498 4677 670 4750 ele'centnr
688 4680 867 4752 orationes
887 4687 973 4774 post
999 4678 1287 4751 eonennnn'rmem.

611 4827 670 4896 31.
704 4805 809 4878 llaec
839 4803 956 4886 nobie,
990 4802 1171 4888 Domine,
1208 4828 1362 4878 munera
1398 4821 1546 4902 sumpta
1577 4805 1782 4902 profitiant:

546 5137 596 5190 28.
622 5125 655 5206 2¹⁶)
680 5129 761 5190 Mur.
792 5137 861 5200 188,
889 5129 990 5191 Leosr.
1018 5129 1106 5194 Miss.
1139 5137 1209 5192 180.
