4084 6128
508 517 522 553 2
906 498 1173 552 PONTIFICALE
1198 498 1307 552 SAEC.
1337 497 1388 550 IX.

509 615 587 628 -U

507 756 564 820 ter
590 745 872 844 superliminare
898 745 942 818 de
968 743 1146 817 cambutta
1174 769 1242 816 sna
1271 743 1389 816 daenes
1416 749 1668 840 antepartum
1695 744 1794 815 anti-

501 875 684 972 phonam:
712 871 847 946 Tollite
881 887 1007 969 portas
1043 870 1217 968 principis
1256 870 1378 944 vestri.
1424 871 1478 943 El
1503 877 1637 944 canant
1671 869 1790 982 ipsam

502 999 689 1096 psalmum
717 1006 828 1070 latnm
857 1005 942 1071 ante
970 997 1111 1069 osle'nm.

616 1124 669 1197 El
695 1133 820 1222 aperto
846 1123 934 1196 ostra
962 1123 1080 1195 antrat
1106 1121 1280 1219 Pontifex
1305 1123 1338 1220 1)
1366 1149 1446 1196 crena
1480 1124 1573 1196 clero
1599 1131 1634 1194 et
1656 1119 1793 1218 populo

466 1277 480 1328 a
511 1251 648 1324 de'eens:
678 1250 753 1323 Pax
781 1249 864 1324 huic
894 1247 1031 1322 domui.
1063 1247 1294 1348 Respondent
1318 1247 1466 1351 onlnem]

511 1641 589 1679 secus
606 1623 738 1679 ecelesiae
750 1624 878 1692 parntes
896 1641 953 1678 ana
971 1623 1183 1692 vocrpsatan,
1195 1639 1283 1692 quam
1303 1623 1444 1680 rubricam
1455 1625 1589 1680 Menard.
1609 1622 1639 1678 in
1658 1631 1727 1678 nota
1742 1637 1794 1688 545

511 1715 552 1770 uti
572 1723 744 1782 corruptam,
759 1731 795 1768 ex
807 1714 873 1769 cod.
893 1713 1028 1769 Remensi
1041 1713 1191 1768 emendat:
1206 1714 1256 1782 qni
1267 1714 1447 1770 extrinsecus
1456 1714 1589 1772 ecclen'ae
1595 1713 1724 1783 paruus
1738 1729 1795 1766 una

513 1820 579 1860 voce
591 1807 744 1873 psallentes
762 1808 912 1873 spargant.
929 1803 1015 1858 Adde
1026 1802 1107 1872 quod
1128 1803 1206 1860 Orda
1224 1820 1350 1861 consecr.
1371 1805 1452 1860 basil.
1473 1821 1571 1868 nonae,
1590 1803 1685 1860 editus
1702 1804 1795 1857 aDu-

513 1898 620 1956 edesus,
636 1895 772 1964 Origines
783 1896 820 1949 du
838 1896 915 1949 Culte
931 1893 1072 1956 Ctrltien,
1086 1893 1145 1950 fere
1159 1903 1258 1950 nostro
1270 1894 1362 1950 codici
1376 1912 1510 1959 coaevus,
1525 1893 1650 1952 eundem
1663 1892 1795 1950 ordinem

514 1993 615 2050 servat,
634 1983 685 2039 sed
704 1993 814 2039 textum
833 1984 996 2038 orationum
1015 1991 1044 2038 et
1056 1983 1265 2052 praefationum
1279 1985 1387 2041 reticet.
1409 1985 1464 2040 His
1481 1993 1511 2040 et
1530 1983 1593 2040 aliis
1611 1990 1720 2039 attente
1738 1980 1796 2038 col·

515 2074 588 2137 latis,
609 2074 723 2130 nonnisi
743 2073 881 2128 Ordinem
904 2073 1115 2141 Gregoriauum
1136 2073 1266 2129 Menardi
1286 2091 1354 2143 prae
1372 2075 1474 2130 ceteris
1492 2073 1649 2130 Ordinibus
1674 2070 1759 2128 editis
1778 2088 1795 2125 a

516 2165 653 2220 Muratori
672 2173 701 2219 et
718 2165 856 2226 Martene,
878 2162 980 2218 Ordiui
1000 2171 1098 2218 nostro
1111 2163 1264 2219 convenire
1283 2163 1432 2230 existimo;
1452 2172 1482 2219 et
1500 2181 1566 2220 cum
1584 2162 1719 2219 exhibeat
1732 2179 1795 2218 ora·

513 2253 607 2309 tiones
632 2262 661 2308 et
688 2253 758 2308 ritus
776 2269 944 2308 communes
963 2251 1110 2308 codicibus
1138 2261 1236 2308 nostro
1263 2253 1391 2318 coaevis,
1412 2253 1580 2324 primaeque
1608 2250 1795 2308 institutionis

515 2341 653 2398 indicium
673 2342 750 2397 haud
769 2342 890 2397 dubium
910 2343 1090 2410 praeseferat,
1105 2343 1142 2398 ab
1160 2343 1224 2411 ipso
1242 2351 1389 2398 mutuatus
1407 2359 1473 2398 sum
1490 2358 1566 2411 quae
1584 2340 1688 2396 desunt
1707 2341 1736 2396 in
1756 2343 1794 2396 Α.

515 2431 574 2488 Sed
586 2431 615 2486 in
629 2432 693 2500 ipso
704 2431 813 2487 Ordine
832 2432 974 2495 Menardi,
988 2433 1062 2488 circa
1074 2432 1171 2497 finem,
1186 2441 1218 2487 ut
1236 2433 1379 2501 quaedam
1397 2433 1618 2488 immutarentur
1635 2431 1797 2486 suadebant

516 2531 577 2577 tum
597 2521 659 2590 ipsa
678 2521 770 2577 versio
789 2522 964 2589 psalmorum
978 2523 1008 2578 in
1022 2523 1150 2578 Ecclesia
1168 2532 1266 2578 nostra
1278 2522 1391 2587 usitata,
1406 2522 1485 2578 unde
1497 2539 1563 2578 cum
1575 2529 1696 2577 tractatu
1709 2523 1744 2577 de
1754 2537 1796 2577 ec-

517 2611 618 2666 elesiae
629 2611 802 2667 dedicatione
820 2612 849 2666 in
868 2611 933 2666 cod.
954 2613 1130 2674 Ambross,
1149 2629 1201 2682 15²
1218 2611 1276 2680 ins.
1292 2611 1407 2680 scripsi:
1428 2611 1531 2667 Tollite
1536 2615 1640 2681 portas
1651 2609 1797 2680 principis

518 2702 616 2764 vestri,
628 2718 703 2769 quae
716 2701 890 2756 concordant
902 2702 989 2756 etiam
1003 2719 1068 2757 cum
1081 2703 1216 2766 Beroldo,
1229 2702 1258 2756 in
1275 2719 1339 2757 mea
1352 2701 1479 2757 editione
1491 2719 1521 2771 p.
1537 2715 1601 2768 127:
1616 2709 1678 2757 tum
1691 2703 1795 2763 Amen,

518 2791 597 2860 quod
610 2791 693 2847 initio
705 2791 753 2846 fol.
772 2792 823 2855 lV,
840 2809 864 2846 1.
879 2809 936 2847 ma.
957 2792 1096 2860 reperitur
1109 2801 1175 2847 ante
1188 2791 1329 2848 rubricam
1342 2811 1348 2847 :
1368 2793 1481 2849 Deinde
1492 2795 1585 2847 elerres
1597 2791 1760 2856 laetaniam,
1772 2794 1802 2846 et

518 2897 581 2936 cnm
601 2880 712 2936 venerit
728 2881 868 2936 Sacerdos
886 2885 950 2936 ante
977 2884 1121 2946 altare...;
1151 2898 1239 2950 quare
1258 2899 1294 2936 ex
1319 2881 1427 2937 Ordine
1453 2881 1540 2937 Rom.
1562 2883 1603 2952 (p.
1626 2881 1688 2950 144)
1715 2889 1798 2935 etex

519 2973 643 3026 Sacram.
663 2971 843 3039 Gregoriauo
867 2972 946 3027 edito
965 2988 982 3026 a
1006 2973 1143 3028 hfuratori
1163 2973 1204 3042 (p.
1224 2973 1288 3043 471)
1312 2972 1443 3040 supplevi
1464 2991 1480 3024 c
1493 2974 1674 3042 Respondent
1689 2987 1801 3026 omnes:

519 3063 624 3116 Amen.
632 3081 649 3113 s
657 3063 827 3130 Opportune
836 3063 914 3118 veuit
924 3063 995 3117 illud
1005 3065 1107 3126 Amen,
1117 3063 1197 3131 quod
1205 3063 1331 3132 primum
1341 3071 1461 3118 testatur
1469 3063 1652 3118 concordiam
1663 3063 1800 3118 libromm

519 3151 656 3205 ecclesiae
669 3151 895 3206 Mediolanensis
914 3169 980 3206 cum
999 3152 1205 3221 antiquissimis
1218 3152 1366 3208 codicibus
1384 3153 1521 3208 ecclesiae
1536 3155 1698 3209 Romanae!
1721 3151 1801 3207 Alias

519 3241 715 3297 solemnitates
734 3259 769 3296 ex
788 3241 851 3296 aliis
879 3242 1036 3306 codicibus,
1058 3251 1140 3298 etex
1166 3243 1230 3311 ipso
1248 3243 1429 3311 Gregoriano
1456 3243 1535 3298 edito
1563 3243 1737 3298 abfuratori
1765 3259 1802 3297 ex

519 3328 619 3385 codice
646 3345 775 3392 romano,
796 3329 903 3384 addere
922 3347 980 3386 nou
999 3331 1102 3395 ausim,
1122 3348 1188 3386 cum
1207 3331 1236 3385 in
1257 3332 1374 3400 reliquis
1392 3331 1484 3386 codex
1504 3341 1601 3386 noster
1618 3349 1650 3387 se
1668 3331 1803 3386 exhibeat

520 3419 608 3474 veluti
627 3419 826 3488 apographum
842 3420 1106 3489 antiquissimorum
1120 3421 1261 3484 codicum,
1276 3422 1326 3490 qui
1347 3431 1414 3476 nota
1433 3421 1623 3489 simplicitatis
1640 3429 1800 3489 praestant:

520 3519 559 3576 et,
584 3520 616 3565 ut
633 3527 736 3566 omnes
755 3520 870 3574 norunt,
893 3511 1024 3566 nonnisi
1050 3528 1184 3580 processu
1209 3511 1347 3579 temporis
1373 3512 1402 3565 in
1422 3511 1579 3566 Ordinibus
1607 3510 1803 3566 solemnitates

521 3610 714 3666 accreverunt,
743 3618 760 3656 a
784 3602 890 3669 quibus
920 3603 1047 3656 Ecclesia
1075 3611 1181 3664 nostra,
1211 3611 1242 3656 ut
1271 3603 1317 3656 uel
1344 3618 1419 3656 unus
1446 3604 1547 3656 Canon
1573 3601 1679 3655 Missae
1705 3600 1802 3655 testari

521 3700 625 3762 potest,
646 3707 760 3759 semper
778 3691 935 3745 abhorruit.
956 3691 1018 3760 (cfr.
1040 3694 1188 3745 Curram:
1209 3691 1323 3746 Notitia
1343 3692 1495 3760 Litargr'ae
1512 3691 1723 3747 Arnlrosianae
1740 3691 1804 3747 ante

520 3796 593 3836 saec.
613 3781 665 3834 XI
680 3781 811 3843 nardium,
830 3781 996 3843 Mediolani,
1017 3781 1106 3850 1895.)

595 3873 621 3940 1)
640 3873 759 3926 Constat
772 3871 828 3925 iam
842 3887 917 3925 saec.
933 3871 991 3925 XII
1009 3871 1166 3925 Mediolani
1185 3871 1340 3925 invaluisse
1359 3871 1444 3926 ritum
1464 3872 1637 3940 aspersionis
1655 3873 1804 3928 exterioris

522 3961 610 4030 partis
627 3961 774 4024 ecclesiae,
795 3970 949 4029 antequam
961 3977 1025 4016 eam
1044 3961 1197 4028 episcopus
1209 3961 1421 4028 ingrederetur;
1441 3971 1470 4017 et
1488 3962 1610 4030 proinde
1628 3963 1804 4018 obsolevisse

521 4050 717 4119 aspersionem
736 4067 824 4119 quam
844 4050 984 4105 faciebant
1003 4049 1063 4104 duo
1079 4050 1125 4104 vel
1143 4059 1201 4104 tres
1219 4067 1255 4106 ex
1274 4051 1411 4107 ministris
1425 4053 1461 4106 ab
1473 4053 1611 4120 episcopo
1630 4052 1724 4109 missis
1737 4071 1803 4108 cum

499 4173 501 4178 ·
522 4143 584 4209 ipse
602 4141 772 4196 intrinsecus
792 4142 914 4210 parietes
933 4141 1071 4196 ecclesiae
1084 4133 1248 4210 aspergeret
1268 4144 1307 4211 (v.
1329 4142 1401 4197 infra
1420 4161 1448 4199 n.
1475 4145 1535 4214 13);
1556 4143 1595 4198 ita
1613 4144 1655 4198 E:
1678 4145 1804 4200 «Primo

524 4233 650 4300 «itaque
668 4248 773 4300 aquam
792 4231 989 4287 benedicimus
1001 4231 1048 4286 cui
1060 4233 1103 4286 sal
1115 4231 1342 4286 admiscemus..
1363 4231 1447 4286 istam
1466 4249 1571 4300 aquam
1590 4233 1627 4288 ad
1647 4234 1802 4302 quamdam

523 4321 686 4390 «baptismi
712 4321 868 4389 imaginem
890 4320 1013 4388 mrando
1034 4321 1184 4375 ecclesiam
1206 4329 1250 4374 ter
1276 4321 1489 4389 aspergimus...
1518 4321 1633 4377 interim
1652 4331 1750 4379 autem
1775 4323 1804 4378 in

524 4412 671 4467 «circuitu
688 4411 865 4466 dedicandae
884 4410 1021 4466 ecclesiae
1040 4409 1194 4464 duodecim
1213 4419 1280 4465 sunt
1299 4427 1418 4466 accensa
1437 4411 1598 4467 luminatia.
1613 4413 1662 4467 Ad
1674 4412 1804 4481 singulos

525 4518 621 4556 «vero
640 4501 775 4557 circuitus
798 4501 908 4555 accedit
932 4499 1061 4568 pontifex
1086 4499 1124 4553 ad
1141 4499 1247 4554 ostium
1268 4501 1411 4564 basilicae,
1432 4501 1509 4556 clero
1528 4510 1557 4557 et
1576 4502 1687 4570 populo
1705 4503 1804 4558 subse-

525 4602 670 4663 «queam,
697 4601 725 4648 et
753 4591 876 4660 percutit
902 4590 1121 4659 superliminare
1148 4590 1228 4657 virga
1256 4591 1401 4659 pastorali,
1424 4591 1568 4646 cantando
1595 4593 1802 4661 antiphonam:

524 4702 541 4735 a
560 4683 661 4738 Tollite
672 4686 776 4751 portas
788 4681 932 4750 priuatis
956 4681 1054 4742 vestri,
1073 4684 1102 4735 et
1117 4681 1270 4737 enormia
1290 4685 1394 4749 portae
1411 4685 1601 4737 aeternales...
1633 4683 1803 4752 (Diaconus)

526 4794 541 4824 ι
554 4773 603 4841 qui
622 4772 709 4835 intus,
730 4771 768 4825 ad
786 4770 1013 4826 admonitionem
1032 4769 1210 4839 pontilicis...
1231 4771 1405 4839 interrogat:
1432 4772 1505 4840 Quis
1522 4776 1566 4828 est
1591 4773 1644 4827 iste
1661 4788 1719 4828 rex
1739 4776 1804 4842 gla-

526 4863 651 4918 ‹riae...
675 4863 786 4931 Aperto
803 4879 872 4918 vero
895 4861 970 4917 ostio
996 4861 1081 4916 intrat
1100 4861 1228 4929 pontifex
1247 4879 1313 4917 cum
1333 4863 1409 4918 clero
1431 4872 1459 4916 et
1487 4863 1596 4931 populo
1615 4863 1713 4919 dicens
1742 4874 1801 4919 ter:

526 4955 623 5008 «an
642 4953 707 5008 hiric
725 4954 832 5008 domni.
846 4973 862 5005 s
