4084 6128
497 527 568 564 xxvi
1024 509 1251 562 PRAEFATIO

496 756 732 838 diolanensis,
763 778 858 828 saec.
890 753 977 824 item
1008 752 1075 836 lX,
1106 751 1193 826 olim
1224 754 1258 826 in
1288 753 1420 825 eadem
1442 754 1670 828 Bibliotheca
1700 758 1778 829 llle·

496 883 728 981 tropolitana,
760 907 856 955 nunc
884 905 973 952 vero
1002 879 1079 952 iure
1107 879 1306 975 emptionis
1336 881 1371 952 in
1404 879 1667 954 Bibliothecam
1690 883 1778 954 Am·

495 1011 707 1083 brosianam
737 1004 913 1080 translati.

603 1134 715 1208 Tituli
744 1151 782 1206 et
810 1133 974 1205 rubricae
1002 1131 1178 1226 capitales
1206 1133 1373 1210 rusticae.
1405 1150 1443 1206 et
1462 1133 1600 1229 passim
1623 1131 1728 1205 litera
1753 1161 1776 1204 n

496 1259 649 1333 uncialis
679 1258 881 1332 minuscula
910 1281 1105 1330 occurrens
1126 1281 1199 1328 non
1224 1283 1306 1330 raro
1336 1259 1371 1329 in
1401 1258 1553 1330 rubricis
1583 1258 1708 1353 nigriS,
1739 1275 1777 1331 et

496 1385 696 1481 aliqnando
718 1386 751 1458 in
773 1401 874 1457 textu
899 1384 1117 1466 orationum,
1140 1384 1397 1479 antiquitatem
1421 1384 1535 1456 codici
1558 1401 1683 1456 nostro
1702 1385 1778 1457 vin·

496 1512 630 1584 dicant.

604 1637 780 1709 Codicem
801 1661 871 1707 ma.
890 1661 984 1708 saec.
1008 1635 1114 1718 Xlll,
1133 1635 1341 1708 inscribitur
1356 1637 1584 1708 extrinsecus
1605 1656 1645 1712 ut
1666 1639 1777 1710 Liber

496 1763 701 1833 utrumnum
719 1745 1069 1831 SanctiArrzbrosz'z':
1087 1759 1209 1831 verius
1229 1785 1299 1832 ma.
1318 1785 1413 1832 saec.
1433 1760 1523 1831 Xl'l
1540 1761 1774 1858 designatur:

608 1884 918 1959 «Caerirnoniale
948 1885 984 1957 in
1013 1911 1089 1982 quo
1120 1902 1206 1957 sunt
1235 1884 1371 1958 multae
1400 1886 1586 1958 orationes
1606 1903 1644 1960 et
1662 1889 1777 1961 bene-

501 2013 719 2085 «dictiones
750 2009 1098 2106 Metropolitanae»
1134 2028 1172 2084 et
1200 2009 1302 2082 alibi:

608 2135 856 2210 «l’ontificale
878 2135 1200 2231 hletropolitanae,
1223 2137 1471 2232 conscriptum
1491 2139 1587 2211 circa
1607 2155 1776 2235 tempora

503 2263 663 2335 «Caroli
696 2263 825 2359 Magni
857 2261 1104 2355 Imperatoris,
1135 2287 1167 2333 v.
1201 2261 1248 2333 to.
1280 2265 1368 2333 86»
1396 2259 1489 2360 (uc),
1518 2263 1554 2335 id
1580 2290 1777 2361 argumen-

496 2388 610 2461 tando
634 2415 680 2461 ex
698 2388 865 2461 oratione
892 2385 980 2458 inibi
1007 2385 1196 2481 inscripta:
1226 2385 1420 2472 «Exaudi,
1446 2389 1619 2474 Domine,
1647 2415 1776 2486 preces

504 2542 522 2584 e
543 2531 697 2597 nostras
729 2531 767 2587 et
796 2512 972 2586 famulum
993 2527 1097 2582 tuum
1119 2513 1152 2584 N
1174 2512 1222 2584 ad
1247 2511 1452 2607 regendum
1482 2513 1688 2589 francorum
1709 2517 1776 2588 im-

503 2671 521 2710 c
541 2641 682 2735 perium
711 2642 947 2714 constitue...
970 2673 986 2710 »

607 2766 709 2839 Licet
736 2766 935 2862 acephalus
964 2797 1010 2842 ex
1035 2769 1251 2866 fragmentis
1271 2767 1422 2841 secundi
1453 2765 1528 2837 solii
1557 2766 1628 2839 alia
1651 2793 1773 2853 manu,

499 2916 634 2986 nempe
662 2917 757 2964 saec.
791 2893 858 2976 Xl,
889 2897 1058 2980 exaratis,
1091 2893 1195 2967 facile
1223 2891 1450 2990 deprehendi
1484 2908 1609 2986 potest
1637 2893 1672 2963 in
1706 2894 1773 2966 ritu

497 3017 784 3089 consecrationis
812 3018 1058 3104 ecclesiarum,
1081 3020 1143 3115 qui
1164 3020 1317 3114 primam
1337 3017 1472 3090 codicis
1501 3035 1642 3111 partem
1662 3035 1773 3099 tenet,

498 3142 591 3214 duas
612 3158 752 3214 tantum
774 3145 930 3240 paginas
959 3145 1187 3242 supplendas
1216 3171 1316 3225 esse:
1338 3141 1439 3240 quod
1460 3169 1527 3213 suo
1548 3141 1628 3214 loco
1648 3142 1776 3216 validis

497 3268 737 3363 argumentis
768 3285 810 3340 ut
837 3271 957 3354 credo,
989 3271 1186 3366 perficiam.

605 3393 680 3464 Sed
712 3418 758 3465 ne
787 3395 876 3493 quid
905 3396 1104 3468 desiderari
1134 3395 1261 3491 patiar,
1294 3395 1457 3490 ipsorum
1487 3395 1777 3492 fragmentorum

498 3516 625 3591 literae
655 3518 812 3592 fideliter
840 3519 908 3593 hoc
937 3519 1018 3593 loco
1047 3519 1249 3592 exhibebo:

570 3769 644 3864 sol.
677 3769 732 3841 ΙΙ.
923 3771 1237 3843 ministraturi...

927 3912 967 3967 ut
996 3911 1034 3968 tu
1065 3894 1217 3969 interius
1245 3924 1338 3970 e....

925 4021 1050 4118 ibique
1080 4021 1147 4094 soli
1180 4021 1278 4094 Deo.
1294 4081 1300 4094 .
1319 4081 1343 4094 ..

574 4147 648 4241 sul.
681 4141 752 4218 ΙΙ.’
780 4172 924 4242 ...pse
954 4147 1129 4242 perficere
1158 4147 1341 4219 concedas
1370 4165 1408 4219 et
1436 4173 1532 4219 nunc

1152 4298 1268 4344 orum.
1301 4271 1434 4344 Amen.

604 4523 700 4595 Cum
715 4549 762 4596 ex
778 4523 896 4596 indice
914 4525 948 4596 in
964 4523 1063 4597 calce
1082 4523 1229 4600 codicis.
1253 4549 1364 4619 quem
1385 4523 1466 4618 ipsa
1480 4549 1550 4595 ma.
1568 4549 1663 4596 saec.
1683 4523 1776 4596 Xlll

496 4648 648 4733 addidit,
670 4675 768 4746 quae
792 4649 960 4723 loliorum
984 4651 1277 4723 numerationem
1297 4651 1487 4745 antiquam
1509 4649 1674 4734 instituit,
1696 4674 1779 4721 con-

497 4790 570 4846 stet
597 4774 697 4871 quod
715 4775 788 4870 fol.
814 4777 845 4860 Ι,
878 4776 1026 4872 incipiat
1055 4776 1283 4871 «Inprimis
1312 4775 1468 4848 offitium
1492 4775 1779 4848 consecrationis

504 4897 778 4972 «ecclesiarum
808 4916 845 4972 et
872 4899 1040 4973 altarium
1063 4929 1080 4966 »
1105 4900 1293 4974 crederem
1314 4901 1522 4974 additiones
1552 4927 1646 4974 saec.
1678 4901 1732 4972 Xl
1758 4925 1780 4972 a

485 5023 559 5118 sol.
586 5024 614 5094 Ι
636 5025 682 5097 ad
690 5026 763 5121 sol.
787 5025 867 5108 Ill,
891 5025 1004 5098 luisse
1028 5027 1173 5099 nonnisi
1204 5027 1391 5100 orationes
1421 5027 1711 5124 praeparationis
1731 5025 1777 5098 ad
