4084 6128
521 523 573 562 xiv
1019 509 1298 564 INTRODUCTIO

518 759 554 830 in
569 735 713 834 diversa
736 759 884 844 abeunt,
907 759 1122 854 praesertim
1143 758 1179 830 in
1199 757 1492 832 discriminandis
1514 760 1604 856 ipsis
1620 760 1796 858 Liturgiis

518 901 555 957 et
589 885 625 957 in
661 884 895 958 diiudicanda
925 900 1052 957 mutua
1079 909 1205 958 earum
1234 885 1376 957 ratione
1412 901 1449 957 et
1481 885 1636 981 origine.
1671 887 1797 960 Varie-

518 1026 631 1083 tatem
674 1036 763 1084 sane
799 1009 893 1094 hanc
929 1009 1370 1082 iudiciorum-infirmitas
1406 1009 1556 1083 humani
1590 1010 1796 1086 intellectus

518 1136 663 1230 patitur,
695 1137 761 1209 sed
791 1137 866 1209 sere
896 1161 1043 1230 semper
1071 1161 1144 1208 non
1165 1135 1212 1208 ab
1240 1136 1321 1231 ipso
1341 1135 1537 1221 intellectu,
1561 1136 1627 1208 sed
1647 1137 1796 1211 aliunde

517 1261 632 1333 oritur
658 1261 875 1334 differentia.
906 1261 1051 1333 Acriter
1086 1260 1242 1334 sortasse
1278 1262 1465 1335 sonabunt
1499 1261 1621 1346 verba,
1658 1263 1795 1336 seddi·
1867 1236 1872 1246 Ι

517 1411 608 1458 cam.
647 1387 835 1459 Interdum
861 1411 975 1470 amor,
998 1383 1161 1482 alioquin
1189 1385 1375 1472 naturaliS,
1398 1387 1568 1483 propriae
1591 1387 1791 1484 Liturgiae,

517 1512 731 1606 praesertim
752 1512 781 1584 si
811 1509 970 1608 gentilis
1002 1527 1126 1582 movet
1154 1527 1192 1584 et
1219 1511 1412 1586 obnubilat
1434 1511 1579 1597 oculos;
1610 1513 1793 1586 interdum

516 1661 538 1708 a
578 1636 752 1732 Liturgiis
794 1635 984 1733 postulant
1023 1653 1254 1732 argumenta,
1299 1637 1434 1732 quibus
1472 1639 1620 1734 propria
1661 1637 1794 1734 placita

515 1778 696 1848 tueantur,
729 1780 767 1835 et
795 1788 841 1835 ex
868 1789 955 1835 vera
987 1778 1051 1836 aut
1087 1779 1325 1859 praesumpta
1360 1764 1503 1860 origine
1538 1763 1705 1837 orientali
1737 1766 1794 1837 Li-

514 1888 659 1984 turgiae
688 1887 914 1984 particularis
944 1887 1131 1961 Ecclesiae
1161 1888 1375 1961 Occidentis
1404 1888 1513 1961 huius
1540 1890 1793 1964 autonomiam

515 2029 656 2086 struere
681 2030 871 2097 conantur,
902 2013 1222 2086 etauctoritatem
1256 2014 1291 2086 in
1326 2013 1423 2086 illam
1458 2014 1567 2086 Sedis
1605 2015 1701 2087 Petri
1730 2041 1793 2111 op-

514 2163 693 2236 pugnare.
717 2138 830 2232 Quod
849 2163 939 2211 sane
963 2163 1030 2211 nec
1059 2139 1308 2236 consequitur,
1334 2164 1417 2211 curn
1443 2139 1554 2212 etiam
1581 2138 1793 2212 Orientales

516 2263 714 2348 Ecclesiae,
745 2263 829 2346 licet
859 2265 1035 2361 Liturgiis
1064 2280 1255 2337 uterentur
1281 2290 1304 2338 a
1330 2264 1467 2361 quibus
1496 2263 1578 2337 illae
1606 2264 1793 2338 derivatae

516 2389 681 2473 luissent,
713 2388 802 2462 Sedi
831 2388 1071 2484 Apostolicae
1107 2389 1295 2462 subiectae
1324 2404 1469 2471 essent:
1501 2414 1567 2461 nec
1597 2389 1717 2462 Roma
1745 2389 1793 2463 ab

514 2513 582 2586 illis
597 2531 738 2611 postea,
760 2513 826 2586 sed
847 2513 960 2609 ipsae,
984 2539 1050 2587 nec
1073 2531 1197 2587 tamen
1217 2540 1358 2598 omnes
1380 2539 1402 2586 a
1424 2516 1543 2588 Roma
1562 2514 1790 2600 defecerunt;

513 2665 676 2736 quonam
704 2657 829 2714 autem
858 2640 935 2712 iure
962 2666 1046 2712 cum
1069 2639 1271 2713 identidem
1291 2656 1376 2736 post
1395 2640 1598 2713 discessum
1619 2639 1789 2726 redirent,

515 2766 652 2838 iterum
680 2766 862 2850 abiturae,
901 2781 938 2838 et
972 2791 1084 2838 unam
1119 2766 1364 2840 confiteantur
1398 2765 1600 2838 Ecclesiam
1637 2766 1672 2838 in
1715 2767 1791 2837 suis

514 2889 710 2985 Symbolis,
734 2892 897 2986 prudens
916 2891 1075 2988 quisquc
1104 2891 1250 2965 iudicet.
1274 2891 1365 2964 lnde
1385 2909 1442 2964 est
1468 2907 1508 2964 ut
1530 2889 1792 2963 concordantia

513 3017 549 3088 in
583 3013 887 3088 substantialibus
921 3017 956 3088 in
998 3017 1155 3089 obscuro
1189 3014 1431 3114 relinquatur,
1477 3031 1515 3088 et
1549 3014 1787 3096 differentiae,

512 3167 608 3240 quae
643 3143 679 3214 in
717 3143 827 3215 rebus
861 3143 1012 3214 secundi
1046 3142 1185 3215 ordinis
1220 3158 1316 3227 sunt,
1361 3158 1572 3238 urgeantur,
1610 3157 1647 3213 et
1680 3139 1791 3237 longe

510 3268 738 3366 antiquiores
757 3267 964 3341 iudicentur
982 3293 1094 3365 quam
1116 3255 1203 3341 sunt
1221 3293 1363 3365 reapse.
1387 3267 1444 3339 Ex
1463 3267 1520 3339 his
1540 3265 1660 3339 causis
1680 3266 1789 3338 etiam

512 3391 599 3464 illud
628 3393 786 3491 profluit,
813 3410 855 3467 ut
883 3419 928 3466 ex
957 3394 1235 3492 praeconceptis
1255 3393 1492 3489 opinionibus
1518 3407 1687 3466 auctores
1706 3415 1792 3463 con·

510 3519 608 3590 trarii
644 3518 882 3616 negligantur
916 3536 954 3592 et
988 3519 1246 3615 despiciantur,
1278 3535 1391 3615 atque
1420 3518 1644 3591 documenta
1672 3532 1710 3589 et
1736 3541 1790 3589 ar-

510 3660 700 3739 gumenta,
731 3669 828 3740 quae
857 3644 905 3717 illi
934 3645 1101 3728 afferunt,
1133 3645 1361 3741 ignorentur.

616 3769 739 3843 Aliam
774 3770 958 3843 interdum
993 3770 1174 3866 originem
1208 3770 1330 3842 minus
1364 3786 1461 3842 recte
1497 3768 1677 3841 dictorum
1712 3769 1790 3842 ani-

511 3894 699 3980 madverti,
721 3895 907 3968 delectum
928 3920 1061 3992 nempe
1090 3895 1264 3968 scientiae
1293 3893 1534 3991 Theologiae,
1566 3919 1662 3991 quae
1692 3893 1791 3968 ordi-

511 4020 623 4093 natim
653 4037 690 4094 et
717 4047 764 4094 ex
790 4020 953 4094 sontibus
979 4020 1190 4118 quibusque
1217 4020 1421 4102 doctrinam
1449 4019 1646 4104 disserens,
1677 4046 1788 4117 quam

512 4146 700 4244 Liturgiae
719 4145 838 4219 vivide
862 4147 1024 4220 referunt
1038 4163 1076 4220 et
1095 4146 1278 4219 interdum
1297 4143 1415 4218 solum
1436 4145 1602 4228 innuunt,
1625 4146 1790 4218 subsidia

510 4286 631 4344 rectae
669 4271 980 4367 interpretationis
1016 4271 1179 4367 praebet.
1211 4269 1325 4364 Quod
1362 4269 1593 4368 Theologiae
1626 4271 1788 4344 studium

510 4394 579 4469 illis
608 4397 727 4494 magis
757 4397 1014 4482 necessarium,
1045 4396 1108 4493 qui
1137 4394 1251 4468 libros
1270 4411 1414 4468 tantum
1435 4394 1624 4468 volventes
1655 4395 1789 4468 nullius

509 4520 705 4618 singularis
722 4521 910 4617 Liturgiae
930 4546 1012 4594 eam
1027 4520 1247 4594 intimiorem
1262 4520 1513 4616 cognitionem
1527 4519 1675 4604 habent,
1693 4545 1789 4617 quae

509 4670 555 4718 ex
583 4646 663 4719 eius
691 4673 759 4718 usu
789 4646 1006 4743 quotidiano
1025 4646 1149 4730 oritur,
1166 4661 1279 4741 atque
1298 4671 1345 4717 ex
1371 4644 1601 4718 substantiali
1624 4645 1789 4717 omnium

507 4773 768 4846 concordantia
796 4773 896 4845 iuvat
923 4772 1087 4844 omnium
1122 4769 1473 4866 interpretationem.

614 4896 691 4969 Sed
719 4898 791 4970 iarn
818 4895 1125 4970 concludendum.
1157 4895 1315 4968 Gaudeo
1335 4893 1382 4966 de
1409 4895 1556 4990 incepto
1576 4919 1690 4990 opere
1712 4896 1788 4967 Do-

508 5022 618 5095 ctoris
648 5023 889 5118 blagistretti;
919 5021 1068 5119 gaudeo
1088 5021 1218 5093 videns
1243 5044 1355 5116 quam
1381 5018 1538 5115 impigre
1559 5020 1641 5092 novi
1666 5034 1789 5091 textus
