4078 6126
432 519 442 572 1
464 517 585 578 ORDO,
609 514 660 570 Ex
680 514 827 568 CODICE
848 511 1067 566 HERIBERTI
1090 503 1395 562 ARCHIEPISCOPI
1522 515 1557 566 99

276 768 373 839 mine
402 767 465 840 fiat
483 766 575 838 haec
593 781 760 838 creatura
780 763 852 837 iam
871 760 1038 845 chrisma,
1065 776 1105 832 ut
1128 756 1308 832 habeatur
1326 770 1367 827 ut
1385 753 1552 836 chrisma,

275 893 452 986 thomna
480 891 605 975 crucis,
626 891 650 984 's
669 889 827 985 Signum
864 885 1003 968 frontiS,
1024 883 1166 980 †Sacri
1196 879 1322 955 titulus
1356 877 1554 951 bellatoris

278 1018 319 1089 ln
347 1017 416 1088 hoc
444 1016 640 1090 chrismate
670 1013 871 1088 mulceatur
899 1011 1057 1095 auditus
1089 1008 1300 1124 purificetur
1326 1005 1437 1090 visus,
1468 1004 1556 1077 odo-

276 1159 374 1215 ratus
410 1159 617 1226 suavescat,
649 1157 843 1237 saporetur
880 1153 1024 1236 gustus
1069 1151 1187 1208 tactus
1223 1134 1259 1205 in
1293 1131 1473 1205 Trinitate
1510 1130 1558 1201 sit

278 1267 432 1340 solidus:
462 1284 502 1340 ut
530 1267 664 1340 talibus
687 1265 880 1364 stipendiis
903 1261 1054 1336 Domini
1084 1259 1217 1334 milites
1239 1258 1414 1344 decorati,
1445 1275 1557 1355 atque
1587 1291 1602 1340 5

276 1394 471 1465 ambroseo
499 1417 580 1465 rore
610 1391 757 1476 madidi,
789 1387 981 1486 imperanti
1011 1385 1181 1470 serviant,
1208 1411 1281 1457 non
1311 1383 1501 1457 suadenti:
1521 1399 1559 1455 et

277 1519 411 1614 signati
440 1515 509 1591 hoc
538 1517 733 1592 chrismate
760 1530 898 1598 sanct0,
922 1512 1086 1609 signiferi
1106 1537 1190 1584 esse
1210 1525 1421 1582 mereantur
1444 1507 1560 1582 caele-

276 1661 362 1728 stes
384 1668 450 1739 per
470 1643 657 1716 Christum
680 1641 885 1714 Dominum
907 1656 1084 1712 nostrum.
1104 1637 1173 1709 Per
1192 1661 1303 1733 quem
1325 1635 1557 1730 majestatem

276 1787 376 1843 tuam
405 1769 557 1842 laudant
584 1767 733 1866 Angeli,
766 1782 988 1840 venerantur
1017 1761 1261 1860 Archangeli:
1291 1761 1443 1846 Throni,
1477 1762 1559 1834 Do-

277 1895 507 1980 minationes,
525 1895 700 1976 Virtutes,
720 1893 959 1988 PrincipatuS,
977 1907 1016 1964 et
1032 1892 1239 1963 Potestates
1254 1889 1429 1974 adorant:
1445 1912 1556 1984 quem
1589 1924 1621 1960 10

279 2020 478 2093 Cherubim
508 2037 546 2093 et
572 2019 768 2116 Seraphim
788 2019 888 2092 socia
912 2016 1138 2090 exultatione
1166 2013 1442 2089 concelebrant:
1473 2039 1555 2087 cum

277 2146 412 2242 quibus
440 2164 478 2220 et
506 2162 651 2220 nostras
678 2170 789 2218 voces
812 2161 854 2216 ut
881 2142 1024 2216 admitti
1051 2142 1179 2214 iubeas
1199 2141 1451 2238 deprecamur,
1473 2165 1557 2236 sup·

278 2271 359 2368 plici
389 2273 622 2345 consessione
651 2271 834 2344 dicentes:
866 2268 1034 2352 Sanctus,
1067 2267 1227 2340 Sanctus
1247 2267 1335 2365 (sic).

669 2522 997 2596 BENEDICTlO
1028 2521 1164 2594 OLEI.

384 2767 419 2834 6.
451 2761 574 2846 Deus,
606 2761 823 2834 sacramenti
860 2759 968 2832 huius
997 2759 1166 2832 inventor
1198 2775 1311 2856 atque
1339 2758 1552 2855 dispositor,
1590 2787 1620 2837 15

277 2888 339 2982 qui
362 2887 567 2982 praesentis
587 2886 738 2983 liquoris
762 2885 989 2983 pinguedine
1015 2885 1209 2959 beatorum
1237 2883 1460 2958 confirmasti
1480 2910 1556 2958 cor-

277 3037 368 3106 pora
401 3012 587 3110 cordaque
621 3013 852 3109 pontificum:
883 3011 946 3108 qui
977 3012 1013 3084 in
1048 3010 1115 3084 hac
1143 3028 1309 3104 creatura
1344 3009 1555 3084 excellentis

278 3136 504 3212 nobilitatem
548 3139 724 3224 nominiS,
764 3154 805 3211 ut
840 3163 906 3234 per
940 3163 1006 3212 eos
1043 3137 1211 3210 Christos
1253 3136 1410 3222 laceres,
1448 3137 1555 3210 indi-

278 3263 361 3335 disti
371 3293 379 3350 ;
413 3291 488 3361 qua
530 3266 688 3339 nitentes
721 3290 763 3338 ac
797 3265 983 3338 delibutos
1017 3233 1200 3336 antistites
1234 3263 1370 3336 iussisti
1412 3263 1558 3360 partici-

278 3389 385 3484 pibus
420 3390 609 3464 antelerri:
646 3391 801 3489 dignum
836 3390 1036 3462 aestimans
1071 3387 1306 3472 elementum,
1343 3413 1418 3485 quo
1454 3389 1556 3461 inno·
1589 3429 1622 3464 20

278 3516 418 3588 centiae
447 3532 485 3589 et
512 3517 693 3590 variarum
713 3517 934 3590 tribueretur
953 3515 1070 3588 sonna
1093 3515 1282 3588 virtutum:
1312 3514 1485 3598 concede,
1516 3531 1557 3587 ut

279 3641 461 3715 inlusione
484 3643 599 3716 sancti
621 3644 780 3740 Spiritus
808 3641 894 3715 olim
924 3641 987 3714 tibi
1017 3639 1188 3736 placitam
1209 3640 1415 3737 praesentis
1443 3637 1558 3734 olei†

279 3766 473 3840 confirmes
510 3767 756 3865 nobilitasque
793 3766 1057 3841 substantiam:
1088 3782 1129 3839 ut
1157 3766 1331 3864 quicquid
1360 3791 1407 3838 ex
1438 3790 1484 3838 eo
1521 3765 1556 3838 in

279 3893 440 3967 humano
468 3920 607 3993 genere
627 3911 763 3968 tactum
794 3893 911 3978 luerit,
933 3893 980 3965 ad
1013 3910 1181 3968 naturam
1200 3909 1364 3966 transeat
1391 3917 1478 3964 mox
1501 3917 1557 3964 su-

279 4044 449 4113 pernam;
480 4047 547 4094 nec
575 4019 714 4118 aliquid
743 4021 811 4092 sibi
841 4037 926 4116 post
954 4021 1163 4094 unctionem
1198 4019 1279 4092 eius
1307 4019 1468 4093 vindicet
1495 4019 1559 4094 ho·
1589 4054 1621 4103 ας

279 4146 345 4218 stis
372 4147 561 4245 antiquus,
602 4147 669 4220 sed
701 4146 827 4221 doleat
858 4173 899 4220 se
927 4147 1009 4221 telis
1044 4147 1176 4220 beatae
1211 4145 1319 4219 huius
1348 4171 1557 4244 propugna-

279 4271 388 4344 tionis
423 4272 628 4356 addictum;
672 4288 710 4346 et
750 4273 851 4368 pacis
894 4271 977 4346 oleo
1012 4273 1147 4346 vetusti
1189 4271 1321 4345 luroris
1362 4273 1552 4369 comprimi

280 4397 470 4492 superbias
494 4399 728 4496 ingemiscat:
749 4424 817 4495 per
845 4399 1050 4472 Dominum
1079 4415 1245 4472 nostrum
1277 4397 1425 4470 lhesum
1456 4397 1559 4471 Chri·

280 4536 375 4594 stum
406 4522 538 4596 Filium
568 4541 683 4608 tuum,
714 4523 776 4620 qui
806 4539 926 4596 tecum
946 4523 1034 4596 vivit
1052 4539 1090 4597 et
1113 4539 1246 4620 regnat
1276 4525 1381 4596 Deus
1411 4524 1447 4596 in
1480 4525 1557 4596 uni-

421 4829 447 4880 6.
468 4827 633 4881 ambroseo:
655 4826 809 4890 ambrosi0,
830 4827 890 4880 cod.
911 4825 1002 4893 Berg.

325 5101 354 5157 6.
381 5097 475 5159 Gerb.
503 5118 553 5177 75.
