4084 6128
547 480 657 533 ORDO
677 479 733 532 AD
754 479 977 532 ECCLESIAM
1001 479 1272 533 DEDICANDAM
1520 493 1552 542 23

377 747 437 819 50.
467 725 610 799 Darada
629 735 797 824 pergant
821 727 971 800 adeum
989 727 1104 800 locum
1124 727 1164 800 in
1181 753 1251 824 quo
1268 728 1430 824 reliquae
1436 736 1554 825 prae-

266 856 374 928 irritu
401 863 497 928 nocte
523 878 603 926 cum
631 853 770 949 vzpz'lz'zt
784 853 959 949 suerunt,
981 864 1017 927 et
1033 854 1165 926 elevent
1180 879 1241 926 eas
1262 853 1454 950 inseretrn
1473 879 1554 926 cum

268 981 400 1055 laureare
426 990 462 1054 et
484 980 672 1064 laudibus,
703 1007 783 1053 cum
811 1006 915 1054 crrtce
940 990 976 1053 et
1002 978 1201 1053 thuribula
1227 989 1262 1053 et
1286 979 1497 1054 luminibus.
1513 976 1552 1084 Ι)

379 1129 438 1200 51.
476 1107 607 1181 Orant>
639 1106 784 1203 picando
816 1108 985 1180 levaretur
1018 1107 1220 1204 relt'qru'ue:

376 1234 494 1309 Auser
512 1259 534 1308 a
555 1233 671 1320 nobis,
695 1232 869 1320 Domine,
891 1259 1129 1330 quaesumus,
1152 1233 1365 1330 iniquitates
1385 1249 1550 1318 nostras;
1600 1261 1615 1312 s

270 1376 312 1433 ut
347 1360 395 1434 ad
431 1375 559 1434 sancta
586 1374 796 1434 sanctorum
825 1375 971 1433 tuorum
1001 1361 1102 1457 puris
1131 1383 1338 1434 mereamur
1366 1359 1552 1434 mentibus

272 1486 430 1572 introire,
462 1512 539 1583 per.

346 1655 349 1660 ·
381 1632 440 1705 52.
471 1613 570 1686 Mox
586 1613 738 1710 z'ncr'pz'rzt
753 1612 872 1685 clerus
893 1612 1128 1709 nnlrplronam
1151 1615 1280 1687 blane:
1309 1614 1404 1687 Cum
1433 1612 1556 1686 iocun-

272 1738 387 1812 ditate
414 1739 570 1826 exibitis,
601 1756 749 1814 etcum
777 1738 917 1838 gaudio
946 1738 1185 1814 deducimini:
1223 1756 1374 1815 namet
1407 1755 1554 1813 montes

273 1881 311 1938 et
337 1863 450 1939 colles
477 1863 627 1940 exilient
654 1880 893 1964 expectantes
921 1889 989 1938 vos
1017 1890 1100 1939 cum
1129 1865 1280 1964 gaudio.
1587 1889 1619 1925 10

386 2011 446 2082 53.
478 1991 579 2064 Tunc
596 1992 752 2066 introeat
769 1993 807 2066 iu
826 1991 1013 2074 ecclesium,
1035 1999 1070 2064 et
1085 1991 1202 2064 dz'cat:
1221 1991 1401 2078 Oremus;
1425 2000 1460 2063 el
1476 1990 1558 2063 drit-

276 2142 385 2190 cnnus
412 2127 608 2214 utsupra.

380 2244 551 2318 'Domum
580 2259 691 2330 tuam,
721 2267 967 2341 quaesumus,
1000 2244 1173 2332 Domine,
1204 2244 1404 2319 clementer
1438 2245 1559 2343 ingre·

277 2371 377 2456 dere,
403 2386 440 2446 et
469 2371 505 2445 in
533 2387 680 2445 tuorum
702 2371 768 2444 tibi
796 2370 908 2444 corde
936 2369 1098 2445 fidelium
1127 2389 1344 2468 perpetuam
1374 2371 1557 2446 constitue

279 2499 534 2572 mansionem:
564 2514 605 2571 ut
632 2497 736 2570 cuius
760 2495 1016 2572 aedificatione
1036 2497 1212 2585 subsistit,
1243 2497 1352 2572 huius
1372 2497 1436 2572 fiat
1458 2496 1558 2572 habi·
1589 2511 1619 2562 ι5

280 2625 418 2700 tatione
446 2624 642 2724 praeclara,
672 2649 749 2721 per.

422 2905 448 2944 r.
464 2890 508 2944 iu:
528 2907 553 2944 1.
575 2906 630 2944 ma.
646 2889 675 2942 in
694 2907 799 2945 rasura.
815 2921 848 2934 -
868 2908 894 2958 3.
916 2891 1085 2951 thummim·
1104 2909 1176 2947 corr.
1195 2909 1230 2946 ex
1244 2892 1394 2947 turabulis.
1408 2923 1434 2934 -
1451 2909 1477 2960 5.
1500 2895 1558 2947 Au-

352 2973 405 3025 ier:
426 2972 453 3025 Α
469 2970 643 3039 posterioris
661 2987 718 3024 iria.
739 2999 773 3012 -·
794 2973 928 3036 Domine,
952 2988 1142 3042 quaesumus:
1164 2989 1340 3040 quaesumus
1370 2973 1510 3029 Domine:
1537 2975 1558 3027 B

353 3069 417 3106 cum
441 3053 475 3108 C.
496 3052 528 3122 (s.
542 3053 588 3120 30)
602 3051 650 3106 ubi
660 3053 695 3106 de
711 3053 848 3107 reconcic.
862 3057 927 3108 eccl.
939 3085 972 3094 -
983 3052 1160 3120 iniquitates:
1174 3069 1275 3107 omnes
1288 3053 1461 3122 iniquitates.
1475 3056 1509 3110 C.
1526 3085 1558 3094 -

352 3138 379 3188 6.
398 3133 436 3187 ad
453 3142 551 3188 sancta
568 3141 732 3187 sanctorum
750 3142 880 3188 tuorum:
900 3135 984 3189 uaria
1003 3133 1084 3188 lectio
1097 3133 1128 3188 in
1146 3135 1183 3188 B.
1198 3140 1258 3202 pro
1276 3135 1335 3190 div.
1355 3135 1422 3203 offi:
1440 3135 1477 3189 ad
1495 3136 1559 3190 loca

352 3225 403 3268 tuo
416 3223 515 3288 sancto
528 3212 636 3268 nomini
650 3213 835 3281 purificanda.
851 3245 882 3256 -
899 3231 924 3280 7.
940 3215 1071 3270 introire:
1086 3214 1232 3269 accedere.
1247 3217 1279 3269 B.
1297 3245 1324 3256 -
1344 3232 1386 3281 14.
1401 3217 1430 3269 in
1443 3224 1557 3270 tuorum

352 3294 402 3349 tibi
415 3294 517 3350 eorde:
533 3294 561 3348 in
574 3303 690 3348 tuorum
703 3293 847 3350 cordibus.
862 3297 894 3350 C.
907 3327 942 3339 -
951 3295 1108 3350 constitue:
1125 3295 1175 3349 tibi
1186 3304 1329 3350 construe.
1344 3299 1377 3350 C.
1391 3326 1425 3339 -
1437 3312 1480 3362 15.
1492 3307 1556 3351 ut...

354 3377 511 3442 praeclara:
532 3383 564 3429 ut
582 3374 687 3429 domus
705 3375 785 3440 haec,
812 3392 888 3442 quae
906 3385 955 3430 tua
972 3375 1100 3430 subsistit
1117 3374 1298 3431 dedicatione
1324 3376 1481 3440 sollemniS,
1510 3386 1559 3432 tua

352 3456 401 3512 fiat
419 3455 594 3512 habitatione
612 3455 752 3510 sublimis.
773 3472 834 3523 per.
854 3458 888 3512 C.

283 3704 314 3765 in
338 3703 377 3776 A,
398 3701 544 3764 adhibita
578 3700 728 3764 unctione
749 3701 790 3762 ad
824 3699 1004 3782 sepulcrum
1027 3701 1078 3764 vel
1112 3699 1224 3774 altare;
1253 3723 1335 3782 quae
1363 3703 1556 3784 primaevam

282 3801 513 3883 simplicitatem
530 3799 621 3881 sapit,
639 3809 670 3861 et
686 3799 823 3862 vicissim
840 3801 1042 3863 commendat
1057 3799 1277 3880 antiquitatem
1294 3812 1399 3864 textus
1420 3805 1530 3871 nostri.

327 3921 378 3980 50.
405 3901 482 3962 Men
510 3919 580 3978 151,
618 3900 702 3964 Mur.
738 3919 813 3979 479,
843 3899 941 3965 Gerb.
980 3921 1032 3978 49,
1063 3901 1157 3964 Mart.
1193 3900 1274 3966 Ord.
1299 3900 1339 3972 ΙΙ,
1367 3901 1423 3964 ΙΙΙ.
1471 3899 1560 3982 *)Ιη

283 3999 425 4080 margine
447 3997 572 4078 signata
587 4007 636 4058 est
658 4017 735 4060 crux
757 3997 923 4078 quaedam,
940 3999 1083 4060 eiusdem
1108 3999 1226 4060 formae
1241 4009 1337 4079 atque
1354 3998 1407 4062 illa
1430 4001 1560 4081 quaein

283 4097 426 4179 margine
437 4096 478 4158 ad
495 4107 558 4158 ant.
583 4097 612 4158 C
610 4097 749 4176 onfirma
764 4097 826 4170 hoc,
843 4099 944 4172 Deus,
961 4105 1013 4160 etc.
1030 4100 1073 4176 (v.
1091 4117 1160 4178 sup.
1178 4119 1209 4163 n.
1228 4104 1282 4180 26)
1296 4098 1414 4178 pariter
1425 4099 1560 4163 occurit:

283 4199 359 4260 haec
374 4196 466 4277 signa
483 4195 562 4257 sorte
576 4193 730 4266 indicant,
754 4205 789 4257 ut
806 4193 868 4256 iam
885 4196 994 4259 notavi
1013 4199 1102 4275 (nota
1123 4199 1186 4276 27),
1204 4195 1380 4260 omittenda
1395 4219 1464 4260 esse
1479 4219 1561 4280 quae

283 4317 353 4358 an.
381 4300 422 4358 26
445 4294 486 4356 ad
511 4315 541 4356 n.
567 4315 609 4372 49
634 4291 745 4355 incius.
770 4293 1002 4358 describuntur.

328 4415 380 4473 51.
405 4393 483 4455 Ord.
514 4393 608 4457 Rom.
640 4413 700 4470 144
729 4391 825 4458 Gerb.
854 4413 907 4472 47,
936 4415 988 4472 49,
1018 4395 1104 4459 Men.
1136 4413 1206 4472 151,
1240 4395 1323 4458 Mur.
1358 4415 1434 4473 479,
1468 4399 1560 4466 biart.

284 4493 362 4558 Ord.
389 4491 430 4564 ΙΙ,
456 4490 514 4556 ΙΙΙ.
560 4486 691 4570 *)Ord.
715 4491 807 4552 Rom.
837 4511 906 4570 144,
932 4513 1004 4554 cum
1039 4501 1158 4554 statuat
1186 4491 1336 4572 reliquias
1358 4505 1432 4556 ante
1454 4499 1562 4562 omnia

284 4590 515 4653 transferendas
526 4609 595 4651 esse
606 4588 647 4650 ad
660 4588 823 4650 ecclesiam
836 4591 1091 4662 consecrandam,
1105 4589 1195 4670 ponit
1208 4591 1289 4653 hanc
1300 4592 1476 4656 orationem
1489 4618 1561 4659 cum

285 4709 348 4770 seq.
371 4699 441 4750 ant:
463 4689 546 4750 Cum
553 4689 750 4768 jocunditate
765 4695 819 4752 elc.
836 4686 928 4750 initio
943 4689 1041 4752 totius
1064 4688 1210 4751 Ordinis:
1226 4689 1282 4752 sed
1303 4710 1342 4752 ex
1358 4691 1418 4754 hoc
1434 4715 1563 4776 quoque

285 4798 414 4867 apparet
436 4787 546 4849 codice
561 4797 669 4848 nostro
686 4785 716 4847 A
732 4785 872 4866 pressius
895 4787 1003 4850 referri
1026 4786 1239 4849 venerandam
1262 4788 1484 4870 antiquitatem
1506 4795 1564 4856 Or·

286 4888 369 4948 dines
390 4886 540 4950 Romani.

330 5003 381 5062 52.
406 4983 493 5049 Men.
522 5002 592 5061 152,
618 4983 702 5048 Mur.
726 4991 800 5062 480,
826 4984 921 5046 Gerb.
947 5005 998 5061 49,
1025 4985 1117 5046 Mart.
1143 4985 1221 5046 Ord.
1247 4984 1288 5056 ΙΙ,
1315 4987 1372 5051 ΙΙΙ.

332 5101 383 5160 55.
407 5083 493 5146 Men.
521 5101 591 5160 152,
618 5082 699 5143 Mur.
726 5089 800 5160 481,
826 5081 922 5148 Gerb.
948 5101 999 5161 47,
1025 5083 1119 5148 Mart.
1143 5083 1222 5145 Ord.
1248 5083 1288 5156 ΙΙ,
1316 5084 1372 5148 ΙΙΙ.
