<?xml version="1.0" encoding="UTF-8"?>
<!DOCTYPE html PUBLIC "-//W3C//DTD XHTML 1.0 Transitional//EN"
    "http://www.w3.org/TR/xhtml1/DTD/xhtml1-transitional.dtd">
<html xmlns="http://www.w3.org/1999/xhtml" xml:lang="en" lang="en">
 <head>
  <title>
</title>
<meta http-equiv="Content-Type" content="text/html;charset=utf-8" />
  <meta name='ocr-system' content='tesseract 3.04.00' />
  <meta name='ocr-capabilities' content='ocr_page ocr_carea ocr_par ocr_line ocrx_word'/>
</head>
<body>
  <div class='ocr_page' id='page_1' title='image "./pontificaleinus00churgoog_0058.png"; bbox 0 0 4050 6138; ppageno 0'>
   <div class='ocr_carea' id='block_1_1' title="bbox 543 499 1541 561">
    <p class='ocr_par' dir='ltr' id='par_1_1' title="bbox 543 499 1541 561">
     <span class='ocr_line' id='line_1_1' title="bbox 543 499 1541 561; baseline -0.008 -3"><span class='ocrx_word' id='word_1_1' title='bbox 543 503 654 558; x_wconf 89' lang='lat' dir='ltr'>ORDO</span> <span class='ocrx_word' id='word_1_2' title='bbox 673 503 730 557; x_wconf 88' lang='lat' dir='ltr'><strong>AD</strong></span> <span class='ocrx_word' id='word_1_3' title='bbox 750 501 972 559; x_wconf 83' lang='lat' dir='ltr'><strong>ECCLESIAM</strong></span> <span class='ocrx_word' id='word_1_4' title='bbox 994 499 1265 555; x_wconf 79' lang='lat' dir='ltr'><strong>DEDICANDAM</strong></span> <span class='ocrx_word' id='word_1_5' title='bbox 1510 511 1541 561; x_wconf 81' lang='lat'><strong>13</strong></span> 
     </span>
    </p>
   </div>
   <div class='ocr_carea' id='block_1_2' title="bbox 281 741 1527 826">
    <p class='ocr_par' dir='ltr' id='par_1_2' title="bbox 281 741 1527 826">
     <span class='ocr_line' id='line_1_2' title="bbox 281 741 1527 826; baseline -0.009 0"><span class='ocrx_word' id='word_1_6' title='bbox 281 749 609 826; x_wconf 87' lang='lat' dir='ltr'><strong>BENEDICTIO</strong></span> <span class='ocrx_word' id='word_1_7' title='bbox 637 749 712 823; x_wconf 85' lang='lat' dir='ltr'><strong>AD</strong></span> <span class='ocrx_word' id='word_1_8' title='bbox 743 747 922 824; x_wconf 84' lang='lat' dir='ltr'>OMNIA</span> <span class='ocrx_word' id='word_1_9' title='bbox 954 747 1006 821; x_wconf 92' lang='lat' dir='ltr'><strong>IN</strong></span> <span class='ocrx_word' id='word_1_10' title='bbox 1042 744 1192 821; x_wconf 90' lang='lat' dir='ltr'>USUM</span> <span class='ocrx_word' id='word_1_11' title='bbox 1223 741 1527 820; x_wconf 78' lang='lat' dir='ltr'><strong>ECCLESIAE.</strong></span> 
     </span>
    </p>
   </div>
   <div class='ocr_carea' id='block_1_3' title="bbox 265 869 1658 2866">
    <p class='ocr_par' dir='ltr' id='par_1_3' title="bbox 265 869 1658 2866">
     <span class='ocr_line' id='line_1_3' title="bbox 375 869 1544 974; baseline -0.008 -23"><span class='ocrx_word' id='word_1_12' title='bbox 375 900 435 970; x_wconf 85' lang='lat'><strong>31.</strong></span> <span class='ocrx_word' id='word_1_13' title='bbox 459 877 626 974; x_wconf 87' lang='lat' dir='ltr'><strong>Dignare</strong></span> <span class='ocrx_word' id='word_1_14' title='bbox 647 876 753 950; x_wconf 89' lang='lat' dir='ltr'><strong>Deus</strong></span> <span class='ocrx_word' id='word_1_15' title='bbox 782 875 1030 971; x_wconf 90' lang='lat' dir='ltr'><strong>omnipotens,</strong></span> <span class='ocrx_word' id='word_1_16' title='bbox 1053 897 1116 946; x_wconf 86' lang='lat' dir='ltr'><strong>rex</strong></span> <span class='ocrx_word' id='word_1_17' title='bbox 1140 897 1280 970; x_wconf 87' lang='lat' dir='ltr'><strong>regum,</strong></span> <span class='ocrx_word' id='word_1_18' title='bbox 1305 887 1344 944; x_wconf 90' lang='lat' dir='ltr'><strong>et</strong></span> <span class='ocrx_word' id='word_1_19' title='bbox 1371 869 1544 944; x_wconf 92' lang='lat' dir='ltr'><strong>dominus</strong></span> 
     </span>
     <span class='ocr_line' id='line_1_4' title="bbox 265 997 1546 1095; baseline -0.008 -18"><span class='ocrx_word' id='word_1_20' title='bbox 265 1003 545 1090; x_wconf 85' lang='lat' dir='ltr'>dominantium,</span> <span class='ocrx_word' id='word_1_21' title='bbox 576 1002 749 1077; x_wconf 79' lang='lat' dir='ltr'>sacerdos</span> <span class='ocrx_word' id='word_1_22' title='bbox 781 1001 957 1086; x_wconf 91' lang='lat' dir='ltr'><strong>omnium,</strong></span> <span class='ocrx_word' id='word_1_23' title='bbox 989 998 1156 1095; x_wconf 81' lang='lat' dir='ltr'><strong>pontifex</strong></span> <span class='ocrx_word' id='word_1_24' title='bbox 1183 997 1447 1077; x_wconf 90' lang='lat' dir='ltr'><strong>universorum,</strong></span> <span class='ocrx_word' id='word_1_25' title='bbox 1478 1019 1546 1092; x_wconf 94' lang='lat' dir='ltr'><strong>per</strong></span> 
     </span>
     <span class='ocr_line' id='line_1_5' title="bbox 265 1111 1541 1227; baseline -0.007 -23"><span class='ocrx_word' id='word_1_26' title='bbox 265 1155 378 1227; x_wconf 91' lang='lat' dir='ltr'><strong>quem</strong></span> <span class='ocrx_word' id='word_1_27' title='bbox 404 1153 479 1204; x_wconf 90' lang='lat' dir='ltr'><strong>una</strong></span> <span class='ocrx_word' id='word_1_28' title='bbox 505 1155 589 1202; x_wconf 91' lang='lat' dir='ltr'><strong>cum</strong></span> <span class='ocrx_word' id='word_1_29' title='bbox 614 1129 720 1202; x_wconf 91' lang='lat' dir='ltr'><strong>Patre</strong></span> <span class='ocrx_word' id='word_1_30' title='bbox 740 1111 943 1225; x_wconf 84' lang='lat' dir='ltr'><strong>sanctoque</strong></span> <span class='ocrx_word' id='word_1_31' title='bbox 973 1125 1111 1223; x_wconf 84' lang='lat' dir='ltr'>Spiritu</span> <span class='ocrx_word' id='word_1_32' title='bbox 1137 1124 1339 1197; x_wconf 80' lang='lat' dir='ltr'><strong>factasunt</strong></span> <span class='ocrx_word' id='word_1_33' title='bbox 1360 1123 1541 1208; x_wconf 87' lang='lat' dir='ltr'><strong>universa,</strong></span> 
     </span>
     <span class='ocr_line' id='line_1_6' title="bbox 267 1249 1545 1353; baseline -0.008 -21"><span class='ocrx_word' id='word_1_34' title='bbox 267 1257 414 1332; x_wconf 86' lang='lat' dir='ltr'>Christe</span> <span class='ocrx_word' id='word_1_35' title='bbox 439 1255 563 1353; x_wconf 87' lang='lat' dir='ltr'><strong>Jhesu,</strong></span> <span class='ocrx_word' id='word_1_36' title='bbox 594 1255 824 1340; x_wconf 90' lang='lat' dir='ltr'><strong>benedicere,</strong></span> <span class='ocrx_word' id='word_1_37' title='bbox 859 1277 1084 1338; x_wconf 88' lang='lat' dir='ltr'><strong>consecrare,</strong></span> <span class='ocrx_word' id='word_1_38' title='bbox 1125 1266 1164 1324; x_wconf 92' lang='lat' dir='ltr'><strong>et</strong></span> <span class='ocrx_word' id='word_1_39' title='bbox 1191 1249 1417 1323; x_wconf 90' lang='lat' dir='ltr'><strong>sanctificare</strong></span> <span class='ocrx_word' id='word_1_40' title='bbox 1456 1273 1545 1322; x_wconf 92' lang='lat' dir='ltr'><strong>vasa</strong></span> 
     </span>
     <span class='ocr_line' id='line_1_7' title="bbox 265 1372 1547 1475; baseline -0.005 -19"><span class='ocrx_word' id='word_1_41' title='bbox 265 1382 356 1458; x_wconf 89' lang='lat' dir='ltr'><strong>haec</strong></span> <span class='ocrx_word' id='word_1_42' title='bbox 384 1407 468 1457; x_wconf 93' lang='lat' dir='ltr'><strong>cum</strong></span> <span class='ocrx_word' id='word_1_43' title='bbox 496 1381 554 1456; x_wconf 91' lang='lat' dir='ltr'><strong>his</strong></span> <span class='ocrx_word' id='word_1_44' title='bbox 581 1381 704 1456; x_wconf 88' lang='lat' dir='ltr'><strong>altaris</strong></span> <span class='ocrx_word' id='word_1_45' title='bbox 741 1380 1032 1464; x_wconf 87' lang='lat' dir='ltr'><strong>linteaminibus,</strong></span> <span class='ocrx_word' id='word_1_46' title='bbox 1067 1379 1274 1475; x_wconf 79' lang='lat' dir='ltr'><strong>ceterisque</strong></span> <span class='ocrx_word' id='word_1_47' title='bbox 1306 1378 1422 1464; x_wconf 87' lang='lat' dir='ltr'><strong>vasis;</strong></span> <span class='ocrx_word' id='word_1_48' title='bbox 1442 1372 1479 1474; x_wconf 66' lang='lat' dir='ltr'><strong>a)</strong></span> <span class='ocrx_word' id='word_1_49' title='bbox 1508 1392 1547 1450; x_wconf 90' lang='lat' dir='ltr'><strong>et</strong></span> 
     </span>
     <span class='ocr_line' id='line_1_8' title="bbox 267 1501 1658 1607; baseline -0.002 -24"><span class='ocrx_word' id='word_1_50' title='bbox 267 1508 582 1607; x_wconf 87' lang='lat' dir='ltr'>quemadmodum</span> <span class='ocrx_word' id='word_1_51' title='bbox 611 1507 732 1582; x_wconf 84' lang='lat' dir='ltr'><strong>officia</strong></span> <span class='ocrx_word' id='word_1_52' title='bbox 759 1505 984 1581; x_wconf 86' lang='lat' dir='ltr'><strong>tabernaculi</strong></span> <span class='ocrx_word' id='word_1_53' title='bbox 1005 1505 1215 1590; x_wconf 89' lang='lat' dir='ltr'><strong>testimonii,</strong></span> <span class='ocrx_word' id='word_1_54' title='bbox 1233 1502 1320 1578; x_wconf 93' lang='lat' dir='ltr'><strong>olim</strong></span> <span class='ocrx_word' id='word_1_55' title='bbox 1339 1529 1422 1576; x_wconf 95' lang='lat' dir='ltr'><strong>cum</strong></span> <span class='ocrx_word' id='word_1_56' title='bbox 1437 1501 1547 1576; x_wconf 91' lang='lat' dir='ltr'><strong>archa</strong></span> <span class='ocrx_word' id='word_1_57' title='bbox 1653 1573 1658 1580; x_wconf 85' lang='lat'><strong>.</strong></span> 
     </span>
     <span class='ocr_line' id='line_1_9' title="bbox 267 1629 1546 1720; baseline -0.006 -10"><span class='ocrx_word' id='word_1_58' title='bbox 267 1635 415 1711; x_wconf 88' lang='lat' dir='ltr'><strong>oracula</strong></span> <span class='ocrx_word' id='word_1_59' title='bbox 444 1635 632 1710; x_wconf 85' lang='lat' dir='ltr'><strong>Cherubin</strong></span> <span class='ocrx_word' id='word_1_60' title='bbox 661 1635 785 1710; x_wconf 90' lang='lat' dir='ltr'><strong>clausa</strong></span> <span class='ocrx_word' id='word_1_61' title='bbox 812 1633 913 1720; x_wconf 92' lang='lat' dir='ltr'><strong>velis,</strong></span> <span class='ocrx_word' id='word_1_62' title='bbox 945 1631 1145 1716; x_wconf 90' lang='lat' dir='ltr'><strong>columnas,</strong></span> <span class='ocrx_word' id='word_1_63' title='bbox 1170 1629 1402 1716; x_wconf 88' lang='lat' dir='ltr'><strong>candelabra,</strong></span> <span class='ocrx_word' id='word_1_64' title='bbox 1433 1629 1546 1704; x_wconf 90' lang='lat' dir='ltr'><strong>altare</strong></span> 
     </span>
     <span class='ocr_line' id='line_1_10' title="bbox 267 1756 1547 1861; baseline -0.003 -25"><span class='ocrx_word' id='word_1_65' title='bbox 267 1763 455 1861; x_wconf 85' lang='lat' dir='ltr'><strong>argenteis</strong></span> <span class='ocrx_word' id='word_1_66' title='bbox 474 1762 637 1848; x_wconf 88' lang='lat' dir='ltr'><strong>basibus,</strong></span> <span class='ocrx_word' id='word_1_67' title='bbox 654 1760 788 1836; x_wconf 92' lang='lat' dir='ltr'><strong>tabulis</strong></span> <span class='ocrx_word' id='word_1_68' title='bbox 808 1760 1004 1845; x_wconf 88' lang='lat' dir='ltr'><strong>deauratis,</strong></span> <span class='ocrx_word' id='word_1_69' title='bbox 1022 1757 1257 1844; x_wconf 89' lang='lat' dir='ltr'><strong>holocaustis,</strong></span> <span class='ocrx_word' id='word_1_70' title='bbox 1274 1756 1415 1844; x_wconf 91' lang='lat' dir='ltr'><strong>hostiis,</strong></span> <span class='ocrx_word' id='word_1_71' title='bbox 1436 1783 1547 1832; x_wconf 90' lang='lat' dir='ltr'><strong>aereo</strong></span> 
     </span>
     <span class='ocr_line' id='line_1_11' title="bbox 268 1883 1544 1974; baseline -0.003 -12"><span class='ocrx_word' id='word_1_72' title='bbox 268 1887 371 1962; x_wconf 89' lang='lat' dir='ltr'><strong>altari</strong></span> <span class='ocrx_word' id='word_1_73' title='bbox 400 1914 484 1962; x_wconf 93' lang='lat' dir='ltr'><strong>cum</strong></span> <span class='ocrx_word' id='word_1_74' title='bbox 511 1889 638 1962; x_wconf 90' lang='lat' dir='ltr'><strong>aeneis</strong></span> <span class='ocrx_word' id='word_1_75' title='bbox 666 1888 781 1974; x_wconf 89' lang='lat' dir='ltr'><strong>vasis,</strong></span> <span class='ocrx_word' id='word_1_76' title='bbox 813 1887 994 1972; x_wconf 90' lang='lat' dir='ltr'><strong>tentoriis,</strong></span> <span class='ocrx_word' id='word_1_77' title='bbox 1027 1886 1192 1970; x_wconf 86' lang='lat' dir='ltr'><strong>funibus,</strong></span> <span class='ocrx_word' id='word_1_78' title='bbox 1223 1883 1307 1958; x_wconf 94' lang='lat' dir='ltr'><strong>oleo</strong></span> <span class='ocrx_word' id='word_1_79' title='bbox 1345 1884 1544 1970; x_wconf 91' lang='lat' dir='ltr'><strong>unctionis,</strong></span> 
     </span>
     <span class='ocr_line' id='line_1_12' title="bbox 268 2013 1547 2112; baseline -0.003 -24"><span class='ocrx_word' id='word_1_80' title='bbox 268 2031 307 2088; x_wconf 95' lang='lat' dir='ltr'><strong>et</strong></span> <span class='ocrx_word' id='word_1_81' title='bbox 343 2015 474 2089; x_wconf 90' lang='lat' dir='ltr'><strong>ceteris</strong></span> <span class='ocrx_word' id='word_1_82' title='bbox 512 2013 593 2089; x_wconf 89' lang='lat' dir='ltr'><strong>aliis</strong></span> <span class='ocrx_word' id='word_1_83' title='bbox 622 2015 658 2088; x_wconf 90' lang='lat' dir='ltr'><strong>in</strong></span> <span class='ocrx_word' id='word_1_84' title='bbox 699 2013 856 2112; x_wconf 85' lang='lat' dir='ltr'><strong>figuram</strong></span> <span class='ocrx_word' id='word_1_85' title='bbox 898 2013 1011 2088; x_wconf 92' lang='lat' dir='ltr'><strong>nostri</strong></span> <span class='ocrx_word' id='word_1_86' title='bbox 1055 2036 1122 2110; x_wconf 90' lang='lat' dir='ltr'><strong>per</strong></span> <span class='ocrx_word' id='word_1_87' title='bbox 1164 2035 1295 2085; x_wconf 90' lang='lat' dir='ltr'><strong>manus</strong></span> <span class='ocrx_word' id='word_1_88' title='bbox 1337 2025 1547 2084; x_wconf 89' lang='lat' dir='ltr'><strong>sanctorum</strong></span> 
     </span>
     <span class='ocr_line' id='line_1_13' title="bbox 268 2137 1547 2226; baseline -0.005 -12"><span class='ocrx_word' id='word_1_89' title='bbox 268 2139 501 2216; x_wconf 89' lang='lat' dir='ltr'><strong>sanctificasti</strong></span> <span class='ocrx_word' id='word_1_90' title='bbox 545 2139 803 2226; x_wconf 84' lang='lat' dir='ltr'><strong>sacerdotum;</strong></span> <span class='ocrx_word' id='word_1_91' title='bbox 848 2139 898 2214; x_wconf 89' lang='lat' dir='ltr'><strong>ita</strong></span> <span class='ocrx_word' id='word_1_92' title='bbox 942 2164 1039 2213; x_wconf 91' lang='lat' dir='ltr'><strong>nunc</strong></span> <span class='ocrx_word' id='word_1_93' title='bbox 1081 2163 1236 2214; x_wconf 90' lang='lat' dir='ltr'><strong>manens</strong></span> <span class='ocrx_word' id='word_1_94' title='bbox 1278 2137 1314 2211; x_wconf 95' lang='lat' dir='ltr'><strong>in</strong></span> <span class='ocrx_word' id='word_1_95' title='bbox 1356 2153 1547 2212; x_wconf 90' lang='lat' dir='ltr'><strong>aeternum</strong></span> 
     </span>
     <span class='ocr_line' id='line_1_14' title="bbox 270 2260 1550 2351; baseline -0.002 -13"><span class='ocrx_word' id='word_1_96' title='bbox 270 2291 414 2340; x_wconf 91' lang='lat' dir='ltr'><strong>summe</strong></span> <span class='ocrx_word' id='word_1_97' title='bbox 450 2265 633 2340; x_wconf 89' lang='lat' dir='ltr'><strong>Sacerdos</strong></span> <span class='ocrx_word' id='word_1_98' title='bbox 661 2263 912 2351; x_wconf 87' lang='lat' dir='ltr'><strong>sacerdotum,</strong></span> <span class='ocrx_word' id='word_1_99' title='bbox 948 2263 1152 2338; x_wconf 89' lang='lat' dir='ltr'><strong>secundum</strong></span> <span class='ocrx_word' id='word_1_100' title='bbox 1188 2261 1357 2337; x_wconf 92' lang='lat' dir='ltr'><strong>ordinem</strong></span> <span class='ocrx_word' id='word_1_101' title='bbox 1394 2260 1550 2336; x_wconf 90' lang='lat' dir='ltr'><strong>Melchi-</strong></span> 
     </span>
     <span class='ocr_line' id='line_1_15' title="bbox 270 2387 1549 2488; baseline -0.002 -24"><span class='ocrx_word' id='word_1_102' title='bbox 270 2389 416 2478; x_wconf 86' lang='lat' dir='ltr'><strong>sedech,</strong></span> <span class='ocrx_word' id='word_1_103' title='bbox 439 2407 480 2464; x_wconf 92' lang='lat' dir='ltr'><strong>ut</strong></span> <span class='ocrx_word' id='word_1_104' title='bbox 506 2390 675 2478; x_wconf 90' lang='lat' dir='ltr'><strong>diximus,</strong></span> <span class='ocrx_word' id='word_1_105' title='bbox 698 2407 870 2488; x_wconf 91' lang='lat' dir='ltr'><strong>patenam</strong></span> <span class='ocrx_word' id='word_1_106' title='bbox 892 2389 986 2464; x_wconf 91' lang='lat' dir='ltr'><strong>hanc</strong></span> <span class='ocrx_word' id='word_1_107' title='bbox 1014 2405 1053 2463; x_wconf 93' lang='lat' dir='ltr'><strong>et</strong></span> <span class='ocrx_word' id='word_1_108' title='bbox 1071 2387 1220 2464; x_wconf 93' lang='lat' dir='ltr'><strong>calicem</strong></span> <span class='ocrx_word' id='word_1_109' title='bbox 1239 2387 1347 2474; x_wconf 93' lang='lat' dir='ltr'><strong>hunc,</strong></span> <span class='ocrx_word' id='word_1_110' title='bbox 1369 2403 1407 2462; x_wconf 90' lang='lat' dir='ltr'><strong>et</strong></span> <span class='ocrx_word' id='word_1_111' title='bbox 1424 2388 1549 2462; x_wconf 91' lang='lat' dir='ltr'><strong>omnia</strong></span> 
     </span>
     <span class='ocr_line' id='line_1_16' title="bbox 271 2513 1612 2614; baseline -0.001 -26"><span class='ocrx_word' id='word_1_112' title='bbox 271 2517 514 2592; x_wconf 86' lang='lat' dir='ltr'><strong>instrumenta</strong></span> <span class='ocrx_word' id='word_1_113' title='bbox 535 2515 660 2591; x_wconf 88' lang='lat' dir='ltr'><strong>altaris</strong></span> <span class='ocrx_word' id='word_1_114' title='bbox 679 2515 788 2590; x_wconf 93' lang='lat' dir='ltr'><strong>huius</strong></span> <span class='ocrx_word' id='word_1_115' title='bbox 815 2515 991 2590; x_wconf 90' lang='lat' dir='ltr'><strong>ecclesiae</strong></span> <span class='ocrx_word' id='word_1_116' title='bbox 1020 2542 1086 2590; x_wconf 90' lang='lat' dir='ltr'><strong>seu</strong></span> <span class='ocrx_word' id='word_1_117' title='bbox 1116 2513 1298 2602; x_wconf 89' lang='lat' dir='ltr'><strong>basilicae,</strong></span> <span class='ocrx_word' id='word_1_118' title='bbox 1329 2541 1426 2614; x_wconf 89' lang='lat' dir='ltr'><strong>quae</strong></span> <span class='ocrx_word' id='word_1_119' title='bbox 1456 2515 1551 2591; x_wconf 88' lang='lat' dir='ltr'><strong>inter</strong></span> <span class='ocrx_word' id='word_1_120' title='bbox 1581 2535 1612 2587; x_wconf 87' lang='lat' dir='ltr'><strong>1s</strong></span> 
     </span>
     <span class='ocr_line' id='line_1_17' title="bbox 273 2641 1546 2740; baseline 0 -24"><span class='ocrx_word' id='word_1_121' title='bbox 273 2658 419 2718; x_wconf 89' lang='lat' dir='ltr'><strong>nostras</strong></span> <span class='ocrx_word' id='word_1_122' title='bbox 456 2642 597 2740; x_wconf 86' lang='lat' dir='ltr'><strong>palmas</strong></span> <span class='ocrx_word' id='word_1_123' title='bbox 634 2642 834 2727; x_wconf 89' lang='lat' dir='ltr'><strong>habentur,</strong></span> <span class='ocrx_word' id='word_1_124' title='bbox 865 2641 976 2716; x_wconf 89' lang='lat' dir='ltr'><strong>corde</strong></span> <span class='ocrx_word' id='word_1_125' title='bbox 1004 2665 1212 2739; x_wconf 89' lang='lat' dir='ltr'><strong>precamur,</strong></span> <span class='ocrx_word' id='word_1_126' title='bbox 1253 2658 1294 2716; x_wconf 93' lang='lat' dir='ltr'><strong>ut</strong></span> <span class='ocrx_word' id='word_1_127' title='bbox 1330 2642 1546 2728; x_wconf 90' lang='lat' dir='ltr'><strong>benedicas,</strong></span> 
     </span>
     <span class='ocr_line' id='line_1_18' title="bbox 271 2767 1548 2866; baseline 0 -24"><span class='ocrx_word' id='word_1_128' title='bbox 271 2767 451 2866; x_wconf 70' lang='lat' dir='ltr'><strong>purifices</strong></span> <span class='ocrx_word' id='word_1_129' title='bbox 468 2793 672 2855; x_wconf 90' lang='lat' dir='ltr'><strong>consecres,</strong></span> <span class='ocrx_word' id='word_1_130' title='bbox 690 2785 728 2842; x_wconf 89' lang='lat' dir='ltr'><strong>et</strong></span> <span class='ocrx_word' id='word_1_131' title='bbox 745 2793 991 2853; x_wconf 89' lang='lat' dir='ltr'><strong>consummes,</strong></span> <span class='ocrx_word' id='word_1_132' title='bbox 1009 2767 1145 2864; x_wconf 90' lang='lat' dir='ltr'><strong>quibus</strong></span> <span class='ocrx_word' id='word_1_133' title='bbox 1165 2768 1259 2842; x_wconf 91' lang='lat' dir='ltr'><strong>inter</strong></span> <span class='ocrx_word' id='word_1_134' title='bbox 1278 2793 1346 2843; x_wconf 89' lang='lat' dir='ltr'><strong>nos</strong></span> <span class='ocrx_word' id='word_1_135' title='bbox 1360 2784 1548 2844; x_wconf 88' lang='lat' dir='ltr'><strong>aeternam</strong></span> 
     </span>
    </p>
   </div>
   <div class='ocr_carea' id='block_1_4' title="bbox 341 3015 1549 3572">
    <p class='ocr_par' dir='ltr' id='par_1_4' title="bbox 341 3015 1549 3572">
     <span class='ocr_line' id='line_1_19' title="bbox 414 3015 1549 3088; baseline 0.006 -19"><span class='ocrx_word' id='word_1_136' title='bbox 414 3032 438 3071; x_wconf 92' lang='lat' dir='ltr'><strong>r.</strong></span> <span class='ocrx_word' id='word_1_137' title='bbox 461 3016 590 3072; x_wconf 86' lang='lat' dir='ltr'><strong>USUM:</strong></span> <span class='ocrx_word' id='word_1_138' title='bbox 609 3017 730 3072; x_wconf 81' lang='lat' dir='ltr'><strong>restitut.</strong></span> <span class='ocrx_word' id='word_1_139' title='bbox 748 3017 788 3070; x_wconf 87' lang='lat' dir='ltr'><strong>M.</strong></span> <span class='ocrx_word' id='word_1_140' title='bbox 809 3015 870 3072; x_wconf 79' lang='lat' dir='ltr'><strong>abr.</strong></span> <span class='ocrx_word' id='word_1_141' title='bbox 885 3045 919 3060; x_wconf 90' lang='lat'>-</span> <span class='ocrx_word' id='word_1_142' title='bbox 933 3022 959 3072; x_wconf 87' lang='lat'><strong>6.</strong></span> <span class='ocrx_word' id='word_1_143' title='bbox 974 3019 1134 3088; x_wconf 87' lang='lat' dir='ltr'><strong>ceterisque</strong></span> <span class='ocrx_word' id='word_1_144' title='bbox 1146 3021 1235 3076; x_wconf 88' lang='lat' dir='ltr'><strong>vasis:</strong></span> <span class='ocrx_word' id='word_1_145' title='bbox 1257 3039 1313 3078; x_wconf 81' lang='lat' dir='ltr'><strong>orn.</strong></span> <span class='ocrx_word' id='word_1_146' title='bbox 1333 3023 1367 3076; x_wconf 88' lang='lat' dir='ltr'><strong>C.</strong></span> <span class='ocrx_word' id='word_1_147' title='bbox 1382 3051 1416 3062; x_wconf 80' lang='lat'>-</span> <span class='ocrx_word' id='word_1_148' title='bbox 1439 3023 1465 3076; x_wconf 91' lang='lat'><strong>8.</strong></span> <span class='ocrx_word' id='word_1_149' title='bbox 1487 3037 1549 3076; x_wconf 90' lang='lat' dir='ltr'><strong>ora·</strong></span> 
     </span>
     <span class='ocr_line' id='line_1_20' title="bbox 341 3097 1549 3172; baseline 0.003 -20"><span class='ocrx_word' id='word_1_150' title='bbox 341 3097 418 3152; x_wconf 85' lang='lat' dir='ltr'><strong>cula:</strong></span> <span class='ocrx_word' id='word_1_151' title='bbox 439 3097 557 3160; x_wconf 87' lang='lat' dir='ltr'><strong>oraculi,</strong></span> <span class='ocrx_word' id='word_1_152' title='bbox 577 3097 695 3153; x_wconf 90' lang='lat' dir='ltr'><strong>scilicet.</strong></span> <span class='ocrx_word' id='word_1_153' title='bbox 715 3099 749 3152; x_wconf 88' lang='lat' dir='ltr'><strong>C.</strong></span> <span class='ocrx_word' id='word_1_154' title='bbox 764 3129 797 3138; x_wconf 90' lang='lat'><em>-</em></span> <span class='ocrx_word' id='word_1_155' title='bbox 811 3113 837 3164; x_wconf 89' lang='lat'><strong>9.</strong></span> <span class='ocrx_word' id='word_1_156' title='bbox 858 3099 1035 3165; x_wconf 84' lang='lat' dir='ltr'><strong>argenteis...</strong></span> <span class='ocrx_word' id='word_1_157' title='bbox 1056 3100 1086 3155; x_wconf 89' lang='lat' dir='ltr'><strong>in</strong></span> <span class='ocrx_word' id='word_1_158' title='bbox 1106 3101 1241 3170; x_wconf 81' lang='lat' dir='ltr'><strong>liguram:</strong></span> <span class='ocrx_word' id='word_1_159' title='bbox 1257 3105 1291 3158; x_wconf 89' lang='lat' dir='ltr'><strong>C.</strong></span> <span class='ocrx_word' id='word_1_160' title='bbox 1302 3103 1388 3172; x_wconf 81' lang='lat' dir='ltr'><strong>legit:</strong></span> <span class='ocrx_word' id='word_1_161' title='bbox 1399 3111 1549 3170; x_wconf 78' lang='lat' dir='ltr'><strong>argenteas</strong></span> 
     </span>
     <span class='ocr_line' id='line_1_21' title="bbox 342 3177 1549 3246; baseline 0.005 -14"><span class='ocrx_word' id='word_1_162' title='bbox 342 3179 433 3240; x_wconf 78' lang='lat' dir='ltr'><strong>bases,</strong></span> <span class='ocrx_word' id='word_1_163' title='bbox 460 3178 571 3233; x_wconf 88' lang='lat' dir='ltr'><strong>tabulas</strong></span> <span class='ocrx_word' id='word_1_164' title='bbox 589 3177 749 3242; x_wconf 88' lang='lat' dir='ltr'><strong>deauratas,</strong></span> <span class='ocrx_word' id='word_1_165' title='bbox 775 3179 951 3242; x_wconf 88' lang='lat' dir='ltr'><strong>holocausta,</strong></span> <span class='ocrx_word' id='word_1_166' title='bbox 977 3180 1094 3246; x_wconf 87' lang='lat' dir='ltr'><strong>hostias,</strong></span> <span class='ocrx_word' id='word_1_167' title='bbox 1121 3199 1243 3238; x_wconf 90' lang='lat' dir='ltr'><strong>aeneum</strong></span> <span class='ocrx_word' id='word_1_168' title='bbox 1268 3185 1357 3239; x_wconf 87' lang='lat' dir='ltr'><strong>altare</strong></span> <span class='ocrx_word' id='word_1_169' title='bbox 1383 3199 1449 3238; x_wconf 91' lang='lat' dir='ltr'><strong>cum</strong></span> <span class='ocrx_word' id='word_1_170' title='bbox 1473 3183 1549 3238; x_wconf 87' lang='lat' dir='ltr'><strong>vasis</strong></span> 
     </span>
     <span class='ocr_line' id='line_1_22' title="bbox 342 3259 1545 3331; baseline 0.005 -19"><span class='ocrx_word' id='word_1_171' title='bbox 342 3259 448 3322; x_wconf 89' lang='lat' dir='ltr'><strong>aeneis,</strong></span> <span class='ocrx_word' id='word_1_172' title='bbox 468 3259 600 3322; x_wconf 89' lang='lat' dir='ltr'><strong>tentoria,</strong></span> <span class='ocrx_word' id='word_1_173' title='bbox 621 3259 713 3324; x_wconf 82' lang='lat' dir='ltr'><strong>funes,</strong></span> <span class='ocrx_word' id='word_1_174' title='bbox 734 3260 830 3314; x_wconf 85' lang='lat' dir='ltr'><strong>oleum</strong></span> <span class='ocrx_word' id='word_1_175' title='bbox 850 3259 994 3316; x_wconf 90' lang='lat' dir='ltr'><strong>unctionis</strong></span> <span class='ocrx_word' id='word_1_176' title='bbox 1021 3271 1050 3317; x_wconf 89' lang='lat' dir='ltr'><strong>et</strong></span> <span class='ocrx_word' id='word_1_177' title='bbox 1077 3272 1171 3318; x_wconf 86' lang='lat' dir='ltr'><strong>cetera</strong></span> <span class='ocrx_word' id='word_1_178' title='bbox 1190 3263 1219 3318; x_wconf 91' lang='lat' dir='ltr'><strong>in</strong></span> <span class='ocrx_word' id='word_1_179' title='bbox 1240 3263 1371 3331; x_wconf 83' lang='lat' dir='ltr'><strong>figuram.</strong></span> <span class='ocrx_word' id='word_1_180' title='bbox 1392 3295 1425 3305; x_wconf 91' lang='lat'>-</span> <span class='ocrx_word' id='word_1_181' title='bbox 1445 3281 1545 3319; x_wconf 87' lang='lat' dir='ltr'><strong>aereo:</strong></span> 
     </span>
     <span class='ocr_line' id='line_1_23' title="bbox 342 3339 1546 3411; baseline 0.005 -18"><span class='ocrx_word' id='word_1_182' title='bbox 342 3355 420 3394; x_wconf 86' lang='lat' dir='ltr'><strong>corr.</strong></span> <span class='ocrx_word' id='word_1_183' title='bbox 439 3356 480 3395; x_wconf 82' lang='lat' dir='ltr'><strong>ex</strong></span> <span class='ocrx_word' id='word_1_184' title='bbox 499 3339 596 3394; x_wconf 89' lang='lat' dir='ltr'><strong>hereo.</strong></span> <span class='ocrx_word' id='word_1_185' title='bbox 617 3371 651 3380; x_wconf 97' lang='lat'>-</span> <span class='ocrx_word' id='word_1_186' title='bbox 667 3356 709 3394; x_wconf 89' lang='lat'><strong>11.</strong></span> <span class='ocrx_word' id='word_1_187' title='bbox 731 3340 833 3395; x_wconf 83' lang='lat' dir='ltr'><strong>nostri:</strong></span> <span class='ocrx_word' id='word_1_188' title='bbox 856 3341 943 3395; x_wconf 86' lang='lat' dir='ltr'><strong>nostri</strong></span> <span class='ocrx_word' id='word_1_189' title='bbox 957 3343 1105 3411; x_wconf 87' lang='lat' dir='ltr'><strong>temporis.</strong></span> <span class='ocrx_word' id='word_1_190' title='bbox 1125 3345 1159 3399; x_wconf 90' lang='lat' dir='ltr'><strong>C.</strong></span> <span class='ocrx_word' id='word_1_191' title='bbox 1182 3361 1273 3410; x_wconf 82' lang='lat'><strong>-14.</strong></span> <span class='ocrx_word' id='word_1_192' title='bbox 1294 3353 1325 3399; x_wconf 91' lang='lat' dir='ltr'><strong>ut</strong></span> <span class='ocrx_word' id='word_1_193' title='bbox 1334 3344 1475 3399; x_wconf 87' lang='lat' dir='ltr'><strong>diximus:</strong></span> <span class='ocrx_word' id='word_1_194' title='bbox 1490 3361 1546 3399; x_wconf 83' lang='lat' dir='ltr'><strong>om.</strong></span> 
     </span>
     <span class='ocr_line' id='line_1_24' title="bbox 342 3421 1548 3492; baseline 0.004 -18"><span class='ocrx_word' id='word_1_195' title='bbox 342 3421 375 3475; x_wconf 90' lang='lat' dir='ltr'><strong>C.</strong></span> <span class='ocrx_word' id='word_1_196' title='bbox 396 3449 430 3464; x_wconf 96' lang='lat'><em>-</em></span> <span class='ocrx_word' id='word_1_197' title='bbox 452 3435 495 3486; x_wconf 85' lang='lat'><strong>15.</strong></span> <span class='ocrx_word' id='word_1_198' title='bbox 515 3436 565 3474; x_wconf 91' lang='lat' dir='ltr'><strong>seu</strong></span> <span class='ocrx_word' id='word_1_199' title='bbox 592 3421 739 3475; x_wconf 85' lang='lat' dir='ltr'><strong>basilicae:</strong></span> <span class='ocrx_word' id='word_1_200' title='bbox 761 3437 817 3476; x_wconf 89' lang='lat' dir='ltr'><strong>om.</strong></span> <span class='ocrx_word' id='word_1_201' title='bbox 838 3423 872 3474; x_wconf 89' lang='lat' dir='ltr'><strong>C.</strong></span> <span class='ocrx_word' id='word_1_202' title='bbox 894 3451 927 3465; x_wconf 92' lang='lat'>-</span> <span class='ocrx_word' id='word_1_203' title='bbox 949 3427 991 3478; x_wconf 85' lang='lat'><strong>16.</strong></span> <span class='ocrx_word' id='word_1_204' title='bbox 1012 3423 1099 3478; x_wconf 90' lang='lat' dir='ltr'><strong>corde</strong></span> <span class='ocrx_word' id='word_1_205' title='bbox 1125 3441 1277 3492; x_wconf 88' lang='lat' dir='ltr'><strong>precamur</strong></span> <span class='ocrx_word' id='word_1_206' title='bbox 1301 3433 1360 3480; x_wconf 90' lang='lat' dir='ltr'><strong>ut.:</strong></span> <span class='ocrx_word' id='word_1_207' title='bbox 1381 3442 1437 3480; x_wconf 88' lang='lat' dir='ltr'><strong>om.</strong></span> <span class='ocrx_word' id='word_1_208' title='bbox 1458 3426 1492 3480; x_wconf 90' lang='lat' dir='ltr'><strong>C.</strong></span> <span class='ocrx_word' id='word_1_209' title='bbox 1515 3455 1548 3464; x_wconf 90' lang='lat'>-</span> 
     </span>
     <span class='ocr_line' id='line_1_25' title="bbox 345 3501 1291 3572; baseline 0.005 -18"><span class='ocrx_word' id='word_1_210' title='bbox 345 3515 386 3565; x_wconf 87' lang='lat'><strong>17.</strong></span> <span class='ocrx_word' id='word_1_211' title='bbox 406 3501 512 3568; x_wconf 89' lang='lat' dir='ltr'><strong>quibus</strong></span> <span class='ocrx_word' id='word_1_212' title='bbox 540 3509 610 3554; x_wconf 91' lang='lat' dir='ltr'><strong>etc.:</strong></span> <span class='ocrx_word' id='word_1_213' title='bbox 632 3502 712 3556; x_wconf 84' lang='lat' dir='ltr'><strong>omit.</strong></span> <span class='ocrx_word' id='word_1_214' title='bbox 738 3501 835 3569; x_wconf 75' lang='lat' dir='ltr'><strong>uni</strong></span> <span class='ocrx_word' id='word_1_215' title='bbox 853 3503 1008 3556; x_wconf 81' lang='lat' dir='ltr'><strong>concludit:</strong></span> <span class='ocrx_word' id='word_1_216' title='bbox 1035 3505 1084 3572; x_wconf 88' lang='lat' dir='ltr'><strong>qui</strong></span> <span class='ocrx_word' id='word_1_217' title='bbox 1113 3521 1178 3558; x_wconf 92' lang='lat' dir='ltr'><strong>cum</strong></span> <span class='ocrx_word' id='word_1_218' title='bbox 1200 3506 1291 3560; x_wconf 88' lang='lat' dir='ltr'><strong>Patre.</strong></span> 
     </span>
    </p>
   </div>
   <div class='ocr_carea' id='block_1_5' title="bbox 264 3722 1554 5166">
    <p class='ocr_par' dir='ltr' id='par_1_5' title="bbox 264 3722 1552 4690">
     <span class='ocr_line' id='line_1_26' title="bbox 272 3722 1549 3804; baseline 0.001 -18"><span class='ocrx_word' id='word_1_219' title='bbox 272 3722 426 3786; x_wconf 93' lang='lat' dir='ltr'><strong>Ordinem</strong></span> <span class='ocrx_word' id='word_1_220' title='bbox 452 3725 544 3786; x_wconf 90' lang='lat' dir='ltr'><strong>Rom.</strong></span> <span class='ocrx_word' id='word_1_221' title='bbox 580 3725 612 3786; x_wconf 92' lang='lat' dir='ltr'><strong>in</strong></span> <span class='ocrx_word' id='word_1_222' title='bbox 638 3725 696 3786; x_wconf 91' lang='lat' dir='ltr'><strong>hac</strong></span> <span class='ocrx_word' id='word_1_223' title='bbox 731 3733 819 3803; x_wconf 91' lang='lat' dir='ltr'><strong>parte</strong></span> <span class='ocrx_word' id='word_1_224' title='bbox 839 3722 905 3803; x_wconf 91' lang='lat' dir='ltr'><strong>jam</strong></span> <span class='ocrx_word' id='word_1_225' title='bbox 930 3723 971 3785; x_wconf 91' lang='lat' dir='ltr'><strong>ab</strong></span> <span class='ocrx_word' id='word_1_226' title='bbox 994 3722 1216 3804; x_wconf 87' lang='lat' dir='ltr'><strong>antiquissimo</strong></span> <span class='ocrx_word' id='word_1_227' title='bbox 1252 3723 1380 3787; x_wconf 84' lang='lat' dir='ltr'><strong>differre</strong></span> <span class='ocrx_word' id='word_1_228' title='bbox 1413 3725 1473 3804; x_wconf 92' lang='lat' dir='ltr'><strong>(uti</strong></span> <span class='ocrx_word' id='word_1_229' title='bbox 1508 3726 1549 3788; x_wconf 88' lang='lat' dir='ltr'><strong>ab</strong></span> 
     </span>
     <span class='ocr_line' id='line_1_27' title="bbox 271 3819 1548 3904; baseline 0.002 -20"><span class='ocrx_word' id='word_1_230' title='bbox 271 3819 363 3884; x_wconf 92' lang='lat' dir='ltr'><strong>initio</strong></span> <span class='ocrx_word' id='word_1_231' title='bbox 386 3822 507 3902; x_wconf 86' lang='lat' dir='ltr'><strong>notavi)</strong></span> <span class='ocrx_word' id='word_1_232' title='bbox 530 3843 595 3904; x_wconf 92' lang='lat' dir='ltr'><strong>quo</strong></span> <span class='ocrx_word' id='word_1_233' title='bbox 612 3821 884 3903; x_wconf 85' lang='lat' dir='ltr'><strong>praescribebatur</strong></span> <span class='ocrx_word' id='word_1_234' title='bbox 900 3841 1044 3884; x_wconf 87' lang='lat' dir='ltr'><strong>accessus</strong></span> <span class='ocrx_word' id='word_1_235' title='bbox 1067 3821 1108 3884; x_wconf 89' lang='lat' dir='ltr'><strong>ad</strong></span> <span class='ocrx_word' id='word_1_236' title='bbox 1132 3822 1303 3885; x_wconf 87' lang='lat' dir='ltr'><strong>tentorium</strong></span> <span class='ocrx_word' id='word_1_237' title='bbox 1320 3823 1370 3884; x_wconf 92' lang='lat' dir='ltr'><strong>vel</strong></span> <span class='ocrx_word' id='word_1_238' title='bbox 1388 3823 1491 3886; x_wconf 92' lang='lat' dir='ltr'><strong>locum</strong></span> <span class='ocrx_word' id='word_1_239' title='bbox 1516 3824 1548 3886; x_wconf 90' lang='lat' dir='ltr'><strong>in</strong></span> 
     </span>
     <span class='ocr_line' id='line_1_28' title="bbox 272 3919 1550 4002; baseline 0.002 -20"><span class='ocrx_word' id='word_1_240' title='bbox 272 3940 336 4002; x_wconf 93' lang='lat' dir='ltr'><strong>quo</strong></span> <span class='ocrx_word' id='word_1_241' title='bbox 351 3921 595 3984; x_wconf 83' lang='lat' dir='ltr'><strong>asservabantur</strong></span> <span class='ocrx_word' id='word_1_242' title='bbox 613 3919 787 4001; x_wconf 84' lang='lat' dir='ltr'><strong>Reliquiae.</strong></span> <span class='ocrx_word' id='word_1_243' title='bbox 807 3921 855 3981; x_wconf 86' lang='lat' dir='ltr'><strong>Ex</strong></span> <span class='ocrx_word' id='word_1_244' title='bbox 870 3919 967 3982; x_wconf 87' lang='lat' dir='ltr'><strong>citato</strong></span> <span class='ocrx_word' id='word_1_245' title='bbox 991 3919 1063 3984; x_wconf 90' lang='lat' dir='ltr'><strong>loco</strong></span> <span class='ocrx_word' id='word_1_246' title='bbox 1087 3922 1162 3982; x_wconf 87' lang='lat' dir='ltr'><strong>Ord.</strong></span> <span class='ocrx_word' id='word_1_247' title='bbox 1188 3921 1279 3984; x_wconf 86' lang='lat' dir='ltr'><strong>Rom.</strong></span> <span class='ocrx_word' id='word_1_248' title='bbox 1306 3921 1435 4002; x_wconf 87' lang='lat' dir='ltr'><strong>insuper</strong></span> <span class='ocrx_word' id='word_1_249' title='bbox 1459 3923 1550 3985; x_wconf 91' lang='lat' dir='ltr'><strong>nobis</strong></span> 
     </span>
     <span class='ocr_line' id='line_1_29' title="bbox 271 4017 1550 4100; baseline 0.003 -20"><span class='ocrx_word' id='word_1_250' title='bbox 271 4027 402 4090; x_wconf 87' lang='lat' dir='ltr'><strong>constat,</strong></span> <span class='ocrx_word' id='word_1_251' title='bbox 428 4039 490 4081; x_wconf 91' lang='lat' dir='ltr'><strong>non</strong></span> <span class='ocrx_word' id='word_1_252' title='bbox 514 4039 625 4081; x_wconf 89' lang='lat' dir='ltr'><strong>omnes</strong></span> <span class='ocrx_word' id='word_1_253' title='bbox 648 4031 680 4081; x_wconf 88' lang='lat' dir='ltr'><strong>et</strong></span> <span class='ocrx_word' id='word_1_254' title='bbox 706 4018 849 4098; x_wconf 84' lang='lat' dir='ltr'><strong>slngulas</strong></span> <span class='ocrx_word' id='word_1_255' title='bbox 880 4017 1116 4081; x_wconf 86' lang='lat' dir='ltr'><strong>benedictiones</strong></span> <span class='ocrx_word' id='word_1_256' title='bbox 1147 4019 1227 4081; x_wconf 86' lang='lat' dir='ltr'><strong>inira</strong></span> <span class='ocrx_word' id='word_1_257' title='bbox 1246 4019 1376 4100; x_wconf 88' lang='lat' dir='ltr'><strong>positas</strong></span> <span class='ocrx_word' id='word_1_258' title='bbox 1409 4031 1550 4100; x_wconf 90' lang='lat' dir='ltr'><strong>peractas</strong></span> 
     </span>
     <span class='ocr_line' id='line_1_30' title="bbox 273 4115 1550 4199; baseline 0.002 -21"><span class='ocrx_word' id='word_1_259' title='bbox 273 4115 368 4179; x_wconf 83' lang='lat' dir='ltr'><strong>tuisse</strong></span> <span class='ocrx_word' id='word_1_260' title='bbox 392 4117 425 4178; x_wconf 91' lang='lat' dir='ltr'><strong>in</strong></span> <span class='ocrx_word' id='word_1_261' title='bbox 448 4117 597 4180; x_wconf 90' lang='lat' dir='ltr'><strong>omnibus</strong></span> <span class='ocrx_word' id='word_1_262' title='bbox 613 4115 867 4180; x_wconf 87' lang='lat' dir='ltr'><strong>dedicationibus</strong></span> <span class='ocrx_word' id='word_1_263' title='bbox 888 4115 1106 4190; x_wconf 75' lang='lat' dir='ltr'><strong>ecclesiarum:</strong></span> <span class='ocrx_word' id='word_1_264' title='bbox 1123 4117 1179 4180; x_wconf 89' lang='lat' dir='ltr'><strong>sed</strong></span> <span class='ocrx_word' id='word_1_265' title='bbox 1196 4118 1247 4180; x_wconf 92' lang='lat' dir='ltr'><strong>hic</strong></span> <span class='ocrx_word' id='word_1_266' title='bbox 1264 4118 1397 4199; x_wconf 89' lang='lat' dir='ltr'><strong>scriptas</strong></span> <span class='ocrx_word' id='word_1_267' title='bbox 1420 4119 1550 4199; x_wconf 89' lang='lat' dir='ltr'><strong>reperiri</strong></span> 
     </span>
     <span class='ocr_line' id='line_1_31' title="bbox 273 4214 1549 4298; baseline 0.002 -22"><span class='ocrx_word' id='word_1_268' title='bbox 273 4226 309 4276; x_wconf 91' lang='lat' dir='ltr'><strong>ut</strong></span> <span class='ocrx_word' id='word_1_269' title='bbox 323 4215 490 4298; x_wconf 87' lang='lat' dir='ltr'><strong>episcopus</strong></span> <span class='ocrx_word' id='word_1_270' title='bbox 507 4217 603 4279; x_wconf 92' lang='lat' dir='ltr'><strong>modo</strong></span> <span class='ocrx_word' id='word_1_271' title='bbox 620 4235 725 4286; x_wconf 89' lang='lat' dir='ltr'><strong>unam,</strong></span> <span class='ocrx_word' id='word_1_272' title='bbox 743 4216 839 4277; x_wconf 92' lang='lat' dir='ltr'><strong>modo</strong></span> <span class='ocrx_word' id='word_1_273' title='bbox 855 4214 948 4278; x_wconf 91' lang='lat' dir='ltr'><strong>aliam</strong></span> <span class='ocrx_word' id='word_1_274' title='bbox 965 4215 1015 4277; x_wconf 90' lang='lat' dir='ltr'><strong>vel</strong></span> <span class='ocrx_word' id='word_1_275' title='bbox 1032 4215 1148 4296; x_wconf 89' lang='lat' dir='ltr'><strong>plures,</strong></span> <span class='ocrx_word' id='word_1_276' title='bbox 1162 4216 1254 4297; x_wconf 83' lang='lat' dir='ltr'><strong>juxta</strong></span> <span class='ocrx_word' id='word_1_277' title='bbox 1269 4216 1549 4297; x_wconf 90' lang='lat' dir='ltr'><strong>opportunitatem,</strong></span> 
     </span>
     <span class='ocr_line' id='line_1_32' title="bbox 273 4312 1552 4396; baseline 0.002 -22"><span class='ocrx_word' id='word_1_278' title='bbox 273 4313 417 4376; x_wconf 86' lang='lat' dir='ltr'><strong>recitaret</strong></span> <span class='ocrx_word' id='word_1_279' title='bbox 440 4325 512 4378; x_wconf 84' lang='lat' dir='ltr'><strong>ante</strong></span> <span class='ocrx_word' id='word_1_280' title='bbox 535 4335 694 4378; x_wconf 87' lang='lat' dir='ltr'><strong>accessum</strong></span> <span class='ocrx_word' id='word_1_281' title='bbox 718 4312 759 4375; x_wconf 89' lang='lat' dir='ltr'><strong>ad</strong></span> <span class='ocrx_word' id='word_1_282' title='bbox 783 4313 886 4375; x_wconf 93' lang='lat' dir='ltr'><strong>locum</strong></span> <span class='ocrx_word' id='word_1_283' title='bbox 912 4316 947 4375; x_wconf 87' lang='lat' dir='ltr'><strong>in</strong></span> <span class='ocrx_word' id='word_1_284' title='bbox 968 4335 1029 4394; x_wconf 80' lang='lat' dir='ltr'><strong>quo</strong></span> <span class='ocrx_word' id='word_1_285' title='bbox 1052 4316 1206 4394; x_wconf 81' lang='lat' dir='ltr'><strong>reliquiae</strong></span> <span class='ocrx_word' id='word_1_286' title='bbox 1229 4323 1313 4378; x_wconf 79' lang='lat' dir='ltr'><strong>nocte</strong></span> <span class='ocrx_word' id='word_1_287' title='bbox 1334 4337 1404 4377; x_wconf 84' lang='lat' dir='ltr'><strong>cum</strong></span> <span class='ocrx_word' id='word_1_288' title='bbox 1427 4319 1552 4396; x_wconf 68' lang='lat' dir='ltr'><strong>vz&#39;grtia</strong></span> 
     </span>
     <span class='ocr_line' id='line_1_33' title="bbox 264 4411 1552 4494; baseline 0 -18"><span class='ocrx_word' id='word_1_289' title='bbox 264 4411 416 4491; x_wconf 81' lang='lat' dir='ltr'><strong>suerunt;</strong></span> <span class='ocrx_word' id='word_1_290' title='bbox 439 4415 482 4492; x_wconf 90' lang='lat' dir='ltr'><strong>(v.</strong></span> <span class='ocrx_word' id='word_1_291' title='bbox 508 4412 588 4476; x_wconf 89' lang='lat' dir='ltr'><strong>insra</strong></span> <span class='ocrx_word' id='word_1_292' title='bbox 611 4435 642 4476; x_wconf 92' lang='lat' dir='ltr'><strong>n.</strong></span> <span class='ocrx_word' id='word_1_293' title='bbox 667 4415 733 4492; x_wconf 84' lang='lat'><strong>49).</strong></span> <span class='ocrx_word' id='word_1_294' title='bbox 761 4413 830 4474; x_wconf 88' lang='lat' dir='ltr'><strong>Hae</strong></span> <span class='ocrx_word' id='word_1_295' title='bbox 859 4411 1104 4484; x_wconf 88' lang='lat' dir='ltr'><strong>benedictiones,</strong></span> <span class='ocrx_word' id='word_1_296' title='bbox 1132 4434 1214 4494; x_wconf 91' lang='lat' dir='ltr'><strong>quae</strong></span> <span class='ocrx_word' id='word_1_297' title='bbox 1237 4413 1353 4494; x_wconf 91' lang='lat' dir='ltr'><strong>passim</strong></span> <span class='ocrx_word' id='word_1_298' title='bbox 1385 4412 1417 4475; x_wconf 92' lang='lat' dir='ltr'><strong>in</strong></span> <span class='ocrx_word' id='word_1_299' title='bbox 1453 4435 1552 4476; x_wconf 88' lang='lat' dir='ltr'><strong>sacra·</strong></span> 
     </span>
     <span class='ocr_line' id='line_1_34' title="bbox 273 4509 1549 4592; baseline 0.002 -20"><span class='ocrx_word' id='word_1_300' title='bbox 273 4509 434 4572; x_wconf 88' lang='lat' dir='ltr'><strong>mentariis</strong></span> <span class='ocrx_word' id='word_1_301' title='bbox 458 4510 658 4592; x_wconf 89' lang='lat' dir='ltr'><strong>reperiuntur</strong></span> <span class='ocrx_word' id='word_1_302' title='bbox 681 4523 768 4573; x_wconf 82' lang='lat' dir='ltr'><strong>extra</strong></span> <span class='ocrx_word' id='word_1_303' title='bbox 792 4509 946 4572; x_wconf 91' lang='lat' dir='ltr'><strong>Ordinem</strong></span> <span class='ocrx_word' id='word_1_304' title='bbox 975 4510 1184 4573; x_wconf 89' lang='lat' dir='ltr'><strong>dedicationis</strong></span> <span class='ocrx_word' id='word_1_305' title='bbox 1207 4512 1364 4582; x_wconf 87' lang='lat' dir='ltr'><strong>basilicae,</strong></span> <span class='ocrx_word' id='word_1_306' title='bbox 1392 4512 1549 4574; x_wconf 85' lang='lat' dir='ltr'><strong>conseram</strong></span> 
     </span>
     <span class='ocr_line' id='line_1_35' title="bbox 272 4607 1442 4690; baseline 0.003 -20"><span class='ocrx_word' id='word_1_307' title='bbox 272 4629 345 4670; x_wconf 92' lang='lat' dir='ltr'><strong>cum</strong></span> <span class='ocrx_word' id='word_1_308' title='bbox 369 4609 643 4672; x_wconf 89' lang='lat' dir='ltr'><strong>benedictionibus</strong></span> <span class='ocrx_word' id='word_1_309' title='bbox 666 4609 761 4671; x_wconf 91' lang='lat' dir='ltr'><strong>editis</strong></span> <span class='ocrx_word' id='word_1_310' title='bbox 787 4607 903 4689; x_wconf 87' lang='lat' dir='ltr'><strong>passim</strong></span> <span class='ocrx_word' id='word_1_311' title='bbox 929 4607 960 4670; x_wconf 92' lang='lat' dir='ltr'><strong>in</strong></span> <span class='ocrx_word' id='word_1_312' title='bbox 982 4609 1160 4690; x_wconf 87' lang='lat' dir='ltr'><strong>praecipuis</strong></span> <span class='ocrx_word' id='word_1_313' title='bbox 1182 4609 1442 4673; x_wconf 88' lang='lat' dir='ltr'><strong>sacramentariis.</strong></span> 
     </span>
    </p>

    <p class='ocr_par' dir='ltr' id='par_1_6' title="bbox 273 4707 1554 5166">
     <span class='ocr_line' id='line_1_36' title="bbox 318 4707 1550 4788; baseline 0 -17"><span class='ocrx_word' id='word_1_314' title='bbox 318 4727 369 4786; x_wconf 85' lang='lat'><strong>31.</strong></span> <span class='ocrx_word' id='word_1_315' title='bbox 387 4707 456 4771; x_wconf 89' lang='lat' dir='ltr'><strong>Gel.</strong></span> <span class='ocrx_word' id='word_1_316' title='bbox 476 4713 538 4771; x_wconf 83' lang='lat'><strong>612</strong></span> <span class='ocrx_word' id='word_1_317' title='bbox 555 4711 657 4788; x_wconf 82' lang='lat'><strong>(135),</strong></span> <span class='ocrx_word' id='word_1_318' title='bbox 675 4707 771 4770; x_wconf 89' lang='lat' dir='ltr'><strong>Gerb.</strong></span> <span class='ocrx_word' id='word_1_319' title='bbox 786 4715 838 4785; x_wconf 85' lang='lat'><strong>48,</strong></span> <span class='ocrx_word' id='word_1_320' title='bbox 859 4707 945 4768; x_wconf 87' lang='lat' dir='ltr'><strong>Miss.</strong></span> <span class='ocrx_word' id='word_1_321' title='bbox 965 4708 1075 4770; x_wconf 89' lang='lat' dir='ltr'><strong>Franc.</strong></span> <span class='ocrx_word' id='word_1_322' title='bbox 1091 4714 1164 4788; x_wconf 87' lang='lat'><strong>678,</strong></span> <span class='ocrx_word' id='word_1_323' title='bbox 1182 4709 1274 4771; x_wconf 89' lang='lat' dir='ltr'><strong>Mart.</strong></span> <span class='ocrx_word' id='word_1_324' title='bbox 1293 4709 1371 4771; x_wconf 93' lang='lat' dir='ltr'><strong>Ord.</strong></span> <span class='ocrx_word' id='word_1_325' title='bbox 1391 4710 1415 4780; x_wconf 93' lang='lat'><strong>1,</strong></span> <span class='ocrx_word' id='word_1_326' title='bbox 1434 4709 1474 4780; x_wconf 94' lang='lat'><strong>11,</strong></span> <span class='ocrx_word' id='word_1_327' title='bbox 1493 4708 1550 4771; x_wconf 91' lang='lat' dir='ltr'><strong>Ill.</strong></span> 
     </span>
     <span class='ocr_line' id='line_1_37' title="bbox 273 4803 1553 4888; baseline 0.002 -21"><span class='ocrx_word' id='word_1_328' title='bbox 273 4803 410 4886; x_wconf 82' lang='lat' dir='ltr'><strong>*)Quid</strong></span> <span class='ocrx_word' id='word_1_329' title='bbox 434 4807 516 4869; x_wconf 89' lang='lat' dir='ltr'><strong>eirca</strong></span> <span class='ocrx_word' id='word_1_330' title='bbox 532 4806 614 4872; x_wconf 89' lang='lat' dir='ltr'><strong>hanc</strong></span> <span class='ocrx_word' id='word_1_331' title='bbox 636 4805 888 4868; x_wconf 86' lang='lat' dir='ltr'><strong>benedictionem</strong></span> <span class='ocrx_word' id='word_1_332' title='bbox 913 4805 1046 4868; x_wconf 89' lang='lat' dir='ltr'><strong>sentiam</strong></span> <span class='ocrx_word' id='word_1_333' title='bbox 1063 4827 1126 4869; x_wconf 92' lang='lat' dir='ltr'><strong>non</strong></span> <span class='ocrx_word' id='word_1_334' title='bbox 1151 4809 1276 4871; x_wconf 85' lang='lat' dir='ltr'><strong>tacebo:</strong></span> <span class='ocrx_word' id='word_1_335' title='bbox 1294 4806 1362 4888; x_wconf 87' lang='lat' dir='ltr'><strong>ipse</strong></span> <span class='ocrx_word' id='word_1_336' title='bbox 1386 4816 1553 4870; x_wconf 85' lang='lat' dir='ltr'><strong>contextus</strong></span> 
     </span>
     <span class='ocr_line' id='line_1_38' title="bbox 273 4903 1553 4988; baseline 0.001 -22"><span class='ocrx_word' id='word_1_337' title='bbox 273 4904 425 4968; x_wconf 87' lang='lat' dir='ltr'><strong>orationis</strong></span> <span class='ocrx_word' id='word_1_338' title='bbox 448 4904 525 4969; x_wconf 91' lang='lat' dir='ltr'><strong>mihi</strong></span> <span class='ocrx_word' id='word_1_339' title='bbox 550 4904 676 4967; x_wconf 89' lang='lat' dir='ltr'><strong>videtur</strong></span> <span class='ocrx_word' id='word_1_340' title='bbox 698 4904 785 4967; x_wconf 91' lang='lat' dir='ltr'><strong>haud</strong></span> <span class='ocrx_word' id='word_1_341' title='bbox 813 4903 946 4966; x_wconf 90' lang='lat' dir='ltr'><strong>dubium</strong></span> <span class='ocrx_word' id='word_1_342' title='bbox 983 4903 1111 4985; x_wconf 84' lang='lat' dir='ltr'><strong>signum</strong></span> <span class='ocrx_word' id='word_1_343' title='bbox 1146 4906 1224 4988; x_wconf 92' lang='lat' dir='ltr'><strong>quin</strong></span> <span class='ocrx_word' id='word_1_344' title='bbox 1248 4905 1339 4969; x_wconf 87' lang='lat' dir='ltr'><strong>initio</strong></span> <span class='ocrx_word' id='word_1_345' title='bbox 1375 4906 1453 4969; x_wconf 91' lang='lat' dir='ltr'><strong>haec</strong></span> <span class='ocrx_word' id='word_1_346' title='bbox 1489 4925 1553 4968; x_wconf 87' lang='lat' dir='ltr'><strong>una</strong></span> 
     </span>
     <span class='ocr_line' id='line_1_39' title="bbox 273 5002 1554 5086; baseline -0.001 -20"><span class='ocrx_word' id='word_1_347' title='bbox 273 5013 396 5066; x_wconf 87' lang='lat' dir='ltr'><strong>tantum</strong></span> <span class='ocrx_word' id='word_1_348' title='bbox 424 5003 629 5066; x_wconf 87' lang='lat' dir='ltr'><strong>adhiberetur</strong></span> <span class='ocrx_word' id='word_1_349' title='bbox 651 5002 830 5065; x_wconf 90' lang='lat' dir='ltr'><strong>benedictio</strong></span> <span class='ocrx_word' id='word_1_350' title='bbox 846 5019 893 5063; x_wconf 77' lang='lat' dir='ltr'><strong>no</strong></span> <span class='ocrx_word' id='word_1_351' title='bbox 917 5017 1046 5078; x_wconf 56' lang='lat' dir='ltr'><strong>ostrum</strong></span> <span class='ocrx_word' id='word_1_352' title='bbox 1070 5015 1189 5066; x_wconf 87' lang='lat' dir='ltr'><strong>ceteras</strong></span> <span class='ocrx_word' id='word_1_353' title='bbox 1212 5003 1358 5086; x_wconf 86' lang='lat' dir='ltr'><strong>sequiore</strong></span> <span class='ocrx_word' id='word_1_354' title='bbox 1380 5014 1482 5068; x_wconf 87' lang='lat' dir='ltr'><strong>aetate</strong></span> <span class='ocrx_word' id='word_1_355' title='bbox 1498 5003 1554 5066; x_wconf 88' lang='lat' dir='ltr'><strong>in-</strong></span> 
     </span>
     <span class='ocr_line' id='line_1_40' title="bbox 274 5099 740 5166; baseline 0 -4"><span class='ocrx_word' id='word_1_356' title='bbox 274 5099 400 5164; x_wconf 82' lang='lat' dir='ltr'><strong>stitutas</strong></span> <span class='ocrx_word' id='word_1_357' title='bbox 424 5101 519 5166; x_wconf 83' lang='lat' dir='ltr'><strong>fuisse</strong></span> <span class='ocrx_word' id='word_1_358' title='bbox 541 5100 740 5164; x_wconf 87' lang='lat' dir='ltr'><strong>crediderim.</strong></span> 
     </span>
    </p>
   </div>
   <div class='ocr_carea' id='block_1_6' title="bbox 0 0 2045 6132">
    <p class='ocr_par' dir='ltr' id='par_1_7' title="bbox 0 0 2045 6132">
     <span class='ocr_line' id='line_1_41' title="bbox 0 0 2045 6132; baseline 0 0"><span class='ocrx_word' id='word_1_359' title='bbox 0 0 2045 6132; x_wconf 95' lang='lat' dir='ltr'><strong> </strong></span> 
     </span>
    </p>
   </div>
  </div>
 </body>
</html>
