4078 6126
904 517 1171 571 PONTIFICALE
1196 517 1306 570 SAEC.
1334 516 1384 570 IX.

933 838 1085 910 uuna
1118 835 1303 911 sumn.
1325 834 1361 934 r)

616 1020 739 1096 Recte¹
768 1018 861 1091 sesta
897 1017 1073 1092 ecclesiae
1095 1017 1242 1106 colunt,
1286 1020 1349 1118 qui
1388 1046 1428 1092 se
1463 1017 1650 1092 Ecclesiae
1693 1017 1786 1092 filios

507 1161 748 1241 cognoscunt.
774 1145 878 1218 Haec
901 1145 999 1217 enim
1018 1145 1184 1218 omnium
1203 1145 1432 1218 credentium
1452 1161 1569 1218 mater
1588 1160 1656 1228 est,
1689 1169 1785 1241 quae

509 1286 615 1341 natos
643 1268 691 1341 ad
720 1285 886 1354 mortem,
917 1284 1113 1365 regenerat
1134 1267 1181 1341 ad
1202 1267 1376 1357 salntem;
1398 1295 1595 1366 perquam
1616 1267 1785 1342 Christus

463 1421 477 1470 5
510 1392 592 1490 plus
633 1394 791 1466 restituit
822 1393 870 1466 ad
903 1394 1077 1491 gratiam,
1115 1419 1227 1490 quam
1263 1395 1370 1490 periit
1403 1395 1438 1468 in
1475 1410 1624 1481 natura;
1660 1414 1698 1469 et
1738 1397 1786 1469 ad

509 1522 792 1618 transgressoris
810 1521 1036 1619 degenerem
1056 1519 1208 1616 prolem,
1239 1537 1277 1595 et
1299 1521 1539 1618 adoptionem
1560 1521 1707 1595 divinae
1727 1547 1788 1617 pa-

509 1647 689 1720 ternitatis
711 1647 907 1732 adsumsit;
932 1663 970 1720 et
988 1646 1036 1720 de
1056 1647 1228 1743 paradiso
1247 1646 1526 1733 exhaeredatos
1548 1647 1639 1721 caeli
1668 1649 1788 1723 reddit

509 1772 699 1846 haeredes
734 1773 838 1846 Haec
867 1788 952 1868 post
980 1773 1222 1870 Synagogam
1251 1772 1401 1870 quidem
1433 1789 1574 1859 vocata,
1606 1774 1673 1848 sed
1701 1792 1787 1849 ante

510 1899 751 1997 Synagogam
771 1899 963 1994 promissa.
987 1899 1092 1971 Haec
1112 1899 1211 1972 enim
1230 1899 1302 1972 iam
1323 1899 1358 1970 in
1380 1899 1499 1994 primo
1518 1899 1668 1973 homine
1687 1926 1788 1997 prae-

450 2045 480 2080 10
509 2024 666 2124 figurata
693 2043 760 2100 est.
794 2025 891 2096 Nam
924 2024 1017 2098 sicut
1044 2049 1091 2097 ex
1118 2023 1226 2097 Adae
1258 2023 1372 2098 latere
1401 2024 1496 2098 sacta
1524 2042 1582 2098 est
1611 2027 1709 2113 Eva;
1739 2027 1789 2100 ita

508 2177 555 2224 ex
575 2150 710 2224 Christi
739 2175 892 2246 corpore
911 2165 949 2222 et
967 2148 1118 2223 vulnere
1138 2149 1330 2247 redempta
1351 2151 1464 2223 crevit
1483 2149 1659 2225 Ecclesia.
1684 2153 1788 2226 Haec

509 2277 603 2350 intra
622 2276 768 2349 archam
788 2275 925 2348 diluvio
948 2274 1160 2349 exundante
1189 2293 1343 2361 servata,
1365 2276 1482 2349 crucis
1502 2276 1722 2350 beneficium
1752 2296 1790 2351 et

509 2403 740 2498 baptismatis
769 2401 982 2496 mysterium
1014 2401 1275 2498 praesignavit.
1314 2402 1423 2475 Hanc
1452 2401 1562 2474 Sarra
1590 2402 1723 2476 sterilis
1750 2419 1789 2476 et

510 2527 686 2624 despecta
714 2527 750 2599 in
780 2543 969 2599 senectute
1004 2527 1113 2600 unico
1148 2527 1306 2625 pignore
1340 2527 1522 2601 foecunda
1549 2528 1785 2625 praececinit:

450 2675 480 2723 15
513 2652 677 2727 Ecclesia
705 2653 803 2727 enim
833 2652 990 2738 unicum,
1022 2653 1059 2724 id
1087 2669 1145 2726 est
1172 2651 1448 2726 dilectissimum
1479 2654 1564 2728 Deo
1597 2653 1786 2751 populum,

512 2778 660 2854 saeculo
689 2781 759 2853 iam
789 2795 1006 2852 senescente
1035 2779 1243 2876 progenuit.
1277 2779 1382 2851 Haec
1411 2794 1469 2852 est
1495 2780 1625 2877 regina
1653 2779 1714 2854 illa
1741 2780 1789 2853 de

512 2932 587 3003 qua
606 2905 653 2979 ad
680 2906 804 2978 Deum
833 2904 980 2978 dicitur:
1002 2905 1167 2978 Adstetit
1195 2905 1324 3002 regina
1352 2930 1374 2978 a
1396 2905 1534 2978 dextris
1564 2905 1635 2978 tuis
1665 2905 1700 2978 in
1723 2931 1787 2979 ve-

513 3031 599 3104 stitu
629 3030 823 3116 deaurat0‚
858 3030 1127 3103 circumamicta
1158 3031 1349 3116 varietate,
1381 3029 1418 3102 id
1446 3047 1520 3116 est,
1558 3029 1786 3104 diversarum

513 3156 735 3230 circumdata
776 3157 967 3252 praecioso
1008 3155 1141 3232 decore
1175 3156 1360 3229 virtutum.
1407 3157 1512 3230 Haec
1551 3173 1609 3230 est
1641 3156 1701 3230 illa
1733 3184 1793 3231 re-

451 3307 484 3343 20
512 3283 602 3380 gina
638 3307 735 3379 quae
769 3282 869 3355 venit
904 3307 926 3354 a
961 3281 1127 3376 partibus
1170 3281 1367 3379 Ethiopiae
1401 3282 1529 3356 audire
1571 3284 1791 3379 sapientiam

513 3407 739 3482 Salomonis:
776 3407 843 3480 sed
876 3406 981 3492 haec,
1019 3433 1093 3480 non
1127 3424 1202 3481 tam
1235 3434 1281 3480 ex
1309 3434 1383 3482 una
1415 3409 1568 3506 regione
1597 3435 1709 3506 quam
1744 3436 1792 3484 ex

512 3535 691 3608 universis
720 3532 846 3607 mundi
876 3534 1041 3630 partibus
1069 3534 1168 3632 regis
1196 3534 1357 3630 paritura
1377 3535 1452 3632 (sic)
1481 3536 1669 3609 convenit:
1698 3536 1793 3610 sicut

513 3661 624 3734 etiam
657 3659 885 3757 evangelista
917 3675 1195 3732 commemorat:
1234 3658 1381 3757 Regina
1416 3660 1528 3732 austri
1563 3661 1663 3734 venit
1696 3687 1720 3734 a
1753 3660 1792 3732 fi-

514 3787 622 3859 nibus
657 3802 775 3860 terrae
808 3786 936 3860 audire
971 3785 1190 3882 sapientiam
1226 3784 1448 3858 Salomonis.
1479 3787 1592 3861 Venit
1627 3786 1793 3862 Ecclesia

452 3941 484 3991 25
513 3912 561 3986 ad
596 3913 868 4009 redemptorem
906 3929 944 3986 et
977 3911 1200 3985 eruditorem
1236 3937 1361 3998 suum,
1400 3927 1441 3984 ut
1472 3912 1520 3986 de
1554 3912 1708 3987 stultitia
1734 3938 1794 3986 er·

515 4041 604 4114 roris
637 4040 840 4112 doctrinam
875 4039 1067 4137 perliceret
1101 4037 1282 4123 veritatis,
1323 4037 1370 4111 de
1407 4064 1482 4134 qua
1511 4038 1667 4136 plenius
1698 4039 1792 4112 sicut

514 4153 737 4252 audivimus,
776 4191 974 4264 regnorum
1018 4163 1142 4236 scribit
1177 4163 1345 4248 historia,
1386 4163 1435 4236 ita
1472 4164 1616 4238 dicens:
1654 4165 1704 4237 Et
1740 4165 1791 4236 in-

514 4317 644 4388 gressa
672 4291 800 4389 regina
828 4292 930 4365 Saba
951 4289 1197 4387 Hyerusalem
1225 4316 1308 4363 cum
1337 4289 1452 4364 multo
1480 4290 1654 4363 comitatu
1684 4307 1722 4362 et
1740 4289 1794 4361 di·

513 4416 620 4504 vitiis,
646 4443 729 4491 cum
752 4417 901 4492 camelis
929 4416 1160 4515 portantibus
1188 4434 1363 4502 aromata,
1385 4433 1423 4490 et
1449 4442 1580 4490 aurum
1609 4415 1791 4490 infinitum

655 4700 682 4750 4.
703 4691 865 4750 regenerat:
885 4698 963 4735 corr.
986 4699 1025 4736 fx
1044 4697 1225 4747 regenerans.

559 4919 592 5000 ³³³)
617 4922 687 4981 Hac
710 4917 836 4981 rubrica
859 4917 890 4978 in
907 4917 977 4979 cod.
1003 4917 1042 4978 A.
1068 4915 1180 4997 incipit
1201 4937 1305 4978 sermo
1328 4915 1424 4979 alter:
1450 4917 1534 4979 uncle
1560 4917 1639 4980 sorte
1662 4931 1793 4999 apparet

514 5030 696 5084 contextum
713 5017 916 5096 desumptum
937 5015 1032 5077 luisse
1048 5015 1088 5078 ab
1113 5013 1207 5078 unico
1222 5025 1367 5088 tractatu,
1384 5037 1423 5077 ex
1439 5036 1503 5096 quo
1520 5017 1722 5080 amanuensis
1740 5018 1793 5080 dc·

514 5118 639 5199 scripsit
662 5117 799 5197 primum
824 5133 1010 5177 sermonem.
