4078 6126
577 535 704 590 INDEX
722 535 947 591 ALPHABET.
968 536 1099 602 ORAT„
1121 537 1206 592 ETC.

260 653 517 662 —————--.-

1101 658 1275 665 —.-.--
1283 658 1533 668 ---——-—-.—.

470 1209 710 1316 INDEX
743 1210 1322 1320 ALPHABETICUS

357 1467 739 1552 ORATlONUlll,
781 1466 1273 1553 PRAEFATIONUM,
1312 1469 1435 1544 ETC.

519 1721 557 1770 IN
577 1721 803 1772 PONTIFICALI
822 1723 920 1772 SAEC.
943 1722 990 1785 lx,
1013 1723 1058 1771 ET
1076 1723 1276 1774 APPENDICE

260 2289 377 2369 Accipe

323 2382 844 2464 annulumlideisignaculumsan·

368 2495 436 2545 ctae
459 2481 623 2544 Trinitatis
650 2503 720 2562 133.

324 2581 472 2644 baculum
497 2579 663 2659 pastoralis
679 2579 773 2642 officii
791 2600 842 2656 92.

324 2699 472 2744 coronam
497 2699 515 2740 a
539 2677 683 2740 Domino
701 2684 752 2755 63.

324 2797 472 2840 coronam
496 2774 617 2854 gloriae
645 2797 716 2854 133·

323 2895 472 2938 coronam
497 2873 587 2954 regni
617 2894 686 2952 115,
717 2894 787 2953 127.

323 2985 355 3036 et
370 2972 559 3036 commenda
575 2971 746 3034 memoriae
762 2977 813 3049 36.

322 3087 354 3137 et
377 3087 445 3138 esto
461 3073 550 3135 verbi
569 3073 629 3135 Dei
655 3074 769 3138 relator
791 3095 842 3152 35.

323 3173 467 3254 gladium
481 3193 537 3252 per
550 3194 663 3234 manus
684 3179 754 3246 116,
773 3179 842 3236 126.
881 3161 888 3172 ⁹

325 3272 432 3352 regiae
476 3270 643 3350 dignitatis
689 3270 844 3334 annulum

373 3377 443 3442 116,
473 3377 543 3432 126.
638 3393 639 3398 ¹

325 3483 482 3552 sceptrum
512 3477 582 3532 128.

324 3572 448 3652 virgam
471 3569 598 3632 virtutis
627 3590 697 3648 115.

953 2281 1136 2342 Auxiliante

1019 2379 1160 2442 Domino
1174 2380 1245 2441 Deo
1259 2391 1292 2442 et
1307 2380 1471 2444 Salvatore
1485 2390 1536 2460 38.

1020 2480 1161 2542 Domino
1190 2492 1299 2543 nostro
1322 2483 1421 2562 Jhesu
1449 2483 1539 2545 Chri·

1062 2590 1112 2641 sto
1137 2597 1189 2658 50.

953 2680 1099 2752 Benedic,
1126 2679 1273 2752 Domine,

1017 2790 1193 2841 creaturam
1218 2779 1310 2840 istam
1335 2779 1426 2859 panis
1450 2799 1501 2859 74.

1018 2889 1194 2940 creaturam
1219 2877 1321 2949 istam,
1347 2889 1383 2940 ut
1405 2879 1447 2940 sit
1471 2899 1523 2959 74.

1020 2975 1238 3038 fortitudinem
1264 2977 1416 3057 principis
1444 2986 1514 3040 118.

1020 3076 1101 3138 hanc
1125 3097 1240 3156 aquam
1267 3097 1316 3153 14.

1019 3175 1101 3236 hanc
1124 3185 1301 3236 creaturam
1317 3175 1467 3236 arborum
1485 3195 1537 3254 74.

1019 3273 1080 3335 hoc
1104 3272 1294 3334 famulorum
1318 3283 1445 3335 tuorum
1471 3280 1522 3352 76.

1019 3373 1078 3435 hos
1102 3372 1222 3435 fructus
1247 3391 1299 3451 73.

1019 3471 1104 3532 hunc
1127 3468 1304 3549 praesulem
1334 3488 1405 3548 117.

1019 3571 1104 3631 hunc
1128 3589 1235 3650 regem
1260 3580 1402 3632 nostrum
1433 3577 1504 3635 128.

259 3670 410 3734 Actiones
423 3678 554 3739 nostras,
567 3688 769 3748 quaesumus,
782 3668 846 3729 Do·
895 3652 898 3737 l
953 3667 1137 3732 Benedictio
1162 3667 1222 3728 Dei
1249 3667 1359 3740 Patris,
1384 3676 1436 3746 48.

370 3769 455 3832 mine
479 3789 531 3846 90.

260 3868 389 3938 Adesto,

326 3965 473 4037 Domine,
491 3963 777 4044 supplicationibus
792 3985 846 4026 no·

370 4066 443 4128 stris
467 4085 518 4144 73.

326 4185 520 4246 quaesumus,
532 4164 735 4244 omnipotens
745 4167 843 4236 Deus,

370 4264 527 4325 honorum
551 4263 643 4325 dator
666 4285 719 4341 41.

325 4363 610 4444 supplicationibus
634 4365 750 4428 nostris
773 4387 826 4443 49.

260 4461 443 4526 Aedificatit
467 4463 596 4540 Moyses
621 4485 649 4540 9.

260 4561 398 4624 Aeteme
425 4559 627 4639 omnipotens
656 4561 753 4632 Deus,
779 4581 847 4640 pre-

370 4679 480 4721 camur
502 4659 661 4740 supplices
689 4678 759 4736 109.

261 4759 375 4840 Agnus
398 4757 460 4820 Dei
485 4779 514 4836 3.

261 4857 369 4938 Aperi,
395 4857 542 4930 Domine,
567 4856 677 4919 oculos
704 4857 846 4937 majesta-

373 4955 414 5019 tis
437 4969 510 5019 tuae
534 4961 585 5018 61.

261 5055 423 5138 Asperges
445 5075 496 5116 me
520 5059 549 5116 6.

262 5156 362 5217 Auser
384 5175 403 5216 a
426 5153 527 5227 nobis,
554 5152 700 5226 Domine,
727 5173 777 5230 23.

953 3769 1131 3830 Commune
1147 3775 1257 3826 votum
1273 3765 1453 3828 communis
1472 3787 1539 3829 ora-

1063 3863 1109 3926 tio
1130 3885 1182 3942 42.

952 3961 1232 4026 Communicantes
1247 3971 1279 4024 et
1294 3961 1378 4024 diem
1399 3963 1540 4026 sacratis

1063 4059 1179 4123 simum
1209 4081 1279 4123 100.

953 4162 1101 4225 Concede

1020 4259 1121 4331 nobis,
1146 4260 1349 4341 omnipotens
1382 4261 1479 4332 Deus,
1505 4270 1541 4322 ut

1063 4359 1146 4422 sicut
1169 4359 1201 4421 in
1226 4360 1373 4440 passione
1397 4379 1449 4438 97.

1019 4460 1430 4540 quaesumusomnipotens
1440 4460 1538 4532 Deus,

1066 4570 1101 4620 ut
1126 4558 1279 4620 famulum
1303 4571 1393 4621 tuum
1416 4579 1467 4637 54,
1486 4580 1539 4637 90.

955 4658 1117 4720 Confirma
1140 4657 1201 4718 hoc
1225 4657 1314 4718 Deus
1341 4677 1389 4728 10,
1415 4677 1467 4734 90.

955 4758 1186 4820 Consecramus
1230 4768 1261 4818 et
1306 4755 1539 4818 sanctificamus

1065 4855 1147 4918 hanc
1170 4866 1316 4935 patenam
1345 4876 1393 4933 19.

956 4953 1148 5018 Consecrare
1163 4965 1195 5016 et
1213 4953 1408 5016 sanctificare
1431 4953 1540 5036 digne·

1065 5051 1108 5113 ris
1132 5072 1182 5114 20.

955 5151 1188 5215 Consecrentur
1211 5172 1324 5215 manus
1347 5152 1425 5214 istae
1448 5159 1501 5230 48.

1455 5295 1485 5343 18
