4084 6128
494 507 604 560 ORDO
625 507 680 559 AD
700 505 922 559 ECCLESIAM
943 504 1214 558 DEDICANDAM

326 773 386 848 35.
417 753 592 850 Sequitur
618 753 757 826 collecto
775 747 830 850 *lt

328 880 444 967 Deus,
479 879 541 977 qui
566 903 631 975 per
663 880 821 975 Moysen
840 879 1034 980 legiferum
1063 881 1172 956 tubas
1191 897 1390 980 argenteas
1418 881 1495 959 lieri

220 1006 453 1103 praecepisti,
494 1029 587 1104 quas
629 1004 717 1078 dum
755 1004 887 1081 levitae
925 1023 1093 1104 tempore
1136 1007 1300 1081 sacrificii
1342 1008 1495 1108 clange-

220 1148 315 1218 rent,
347 1132 469 1206 sonitu
499 1130 704 1206 dulcedinis
732 1132 893 1230 populus
922 1133 1084 1207 monitus
1109 1132 1157 1206 ad
1193 1150 1230 1208 te
1265 1135 1496 1210 adorandum

219 1257 323 1332 fieret
358 1273 614 1356 praeparatus;
648 1283 804 1354 quarum
846 1257 1020 1358 clangore
1061 1275 1214 1333 ornatus
1249 1259 1297 1334 ad
1338 1259 1494 1347 bellum,

218 1385 291 1460 tela
319 1400 570 1484 prosterneret
603 1384 896 1472 adversantium,
936 1401 1101 1483 praesta,
1138 1402 1181 1460 ut
1211 1385 1281 1460 hoc
1308 1386 1498 1461 vasculum

219 1529 304 1586 tuae
341 1510 518 1586 ecclesiae
553 1527 813 1608 praeparatum
843 1511 1090 1586 sanctificetur
1124 1539 1146 1586 a
1181 1512 1320 1610 Spiritu
1349 1530 1496 1588 sancto:

221 1655 259 1712 ut
277 1664 345 1736 per
363 1636 458 1711 illius
487 1652 625 1710 tactum
653 1635 782 1710 fideles
810 1637 1011 1712 invitentur
1028 1638 1077 1711 ad
1106 1639 1329 1736 praemium;
1358 1656 1498 1713 etcum

220 1763 379 1838 melodia
407 1761 502 1836 illius
530 1763 681 1837 auribus
710 1763 916 1837 insonuerit
944 1763 1176 1862 populorum,
1207 1780 1348 1839 crescat
1375 1765 1411 1839 in
1445 1766 1499 1840 eis

220 1891 368 1966 devotio
392 1889 489 1977 fidei,
521 1889 646 1988 procul
666 1888 851 1987 pellantur
873 1915 1005 1964 omnes
1024 1891 1179 1965 insidiae
1199 1891 1344 1978 inimici,
1375 1893 1501 1991 fragor
1530 1923 1563 1960 10

220 2016 453 2116 grandinum,
484 2015 645 2115 procella
672 2015 870 2102 turbinum,
901 2017 1061 2114 impetus
1094 2032 1376 2115 tempestatum
1406 2034 1501 2092 tem-

221 2159 396 2241 perentur
431 2143 565 2217 infesta
598 2141 778 2228 tonitrua;
804 2158 999 2217 ventorum
1036 2143 1152 2218 flabra
1184 2143 1275 2218 fiant
1306 2141 1501 2218 salubriter

220 2295 261 2344 ac
290 2269 481 2344 moderate
509 2293 709 2366 suspensa;
730 2284 940 2365 prosternat
966 2269 1085 2343 aerias
1113 2283 1319 2368 potestates
1347 2269 1500 2344 dextera

221 2414 306 2471 tuae
333 2395 494 2470 virtutis:
524 2412 566 2469 ut
593 2393 662 2468 hoc
698 2394 894 2468 audientes
935 2394 1167 2482 tinnibulum,
1198 2411 1430 2484 tremescant,
1462 2412 1500 2471 et

222 2524 365 2622 fugiant
392 2538 479 2596 ante
507 2537 657 2596 sanctae
685 2521 801 2594 crucis
829 2520 1013 2608 vexillum,
1039 2547 1116 2620 per.

329 2656 390 2742 36.
410 2649 515 2721 Dum
537 2649 702 2742 extergas
715 2673 793 2719 eam
811 2647 928 2732 linteo,
944 2658 980 2722 el
992 2649 1081 2722 duel
1095 2650 1331 2748 autiphonam
1350 2675 1430 2724 cum
1444 2675 1500 2725 ca·

215 2775 352 2872 pilula:
365 2775 451 2848 Vox
466 2773 618 2847 Domini
633 2798 746 2870 super
759 2797 887 2870 aquas,
899 2773 1006 2848 Deus
1021 2773 1222 2850 maiestatis
1239 2776 1407 2864 intonuit,
1422 2777 1499 2851 Do-

221 2901 342 2974 minus
359 2925 472 2997 super
488 2924 605 2996 aquas
625 2897 777 2973 multas:
796 2925 888 2973 vers.
905 2900 989 2972 Vox
1005 2900 1169 2975 Domini.
1190 2928 1302 2999 usque
1319 2903 1358 2975 iu
1366 2901 1496 2998 finem.

329 3045 389 3118 37.
420 3025 509 3098 Posl
533 3025 618 3115 lutea
644 3027 769 3122 longis
794 3051 873 3098 eom
900 3025 944 3098 de
960 3026 1153 3100 chrismale
1178 3053 1202 3099 o
1223 3027 1328 3124 soris
1358 3030 1494 3126 septaes,

220 3153 263 3225 ab
290 3154 390 3226 aulus
414 3162 567 3249 quater:
592 3161 628 3224 el
652 3151 745 3224 dices
771 3151 969 3224 collectam:

363 3435 389 3472 2.
423 3421 535 3472 Deus...
566 3427 695 3483 tempore
722 3415 866 3470 sacrificii:
896 3421 983 3483 super
1009 3415 1109 3470 literas
1131 3434 1231 3471 erasas
1258 3435 1315 3471 ura.
1338 3417 1500 3486 posteriori

292 3498 556 3568 inscrlplaeuarioe
573 3514 654 3552 voces
670 3497 733 3552 siue
758 3513 859 3556 sensu,·
885 3513 933 3550 eas
959 3497 1151 3565 supplevimus
1176 3513 1216 3551 ex
1234 3499 1272 3552 B.
1303 3527 1337 3540 -
1366 3499 1496 3567 Moysen:

292 3581 407 3634 beatum
427 3581 557 3646 Moysen.
578 3581 610 3632 C.
631 3609 666 3618 -
684 3595 711 3644 3.
732 3579 777 3631 iu:
795 3578 973 3644 clangerent:
995 3595 1010 3630 2
1029 3594 1046 3631 e
1064 3595 1122 3632 ma.
1136 3581 1246 3646 posler.
1266 3595 1344 3633 corr.
1364 3596 1405 3634 ex
1423 3580 1442 3634 i.
1464 3611 1498 3624 -

292 3675 319 3726 5.
339 3676 475 3728 quarum:
505 3675 694 3728 quarumque.
716 3660 748 3712 B.
770 3687 804 3700 -
822 3667 952 3712 ornatus:
973 3657 1059 3711 etiam
1085 3659 1223 3714 hortatus.
1245 3660 1278 3714 B.
1297 3690 1332 3700 -
1352 3674 1379 3726 7.
1398 3677 1415 3714 a
1435 3662 1499 3728 Spi-

292 3741 362 3795 ritu:
382 3757 400 3794 a
424 3740 630 3795 sanctificatore
648 3739 777 3793 omnium
802 3737 920 3806 Spiritu.
942 3739 974 3792 B.
996 3767 1030 3780 -
1051 3755 1094 3793 10.
1114 3755 1231 3794 omnes:
1252 3757 1268 3794 e
1296 3739 1450 3809 inscriptus
1468 3741 1499 3795 in

292 3822 302 3874 i
315 3839 340 3876 1.
354 3839 411 3876 ma.
426 3853 449 3861 -
475 3838 518 3888 13.
532 3829 706 3888 prosternat:
721 3828 893 3887 prosternas.
908 3821 941 3873 C.
957 3847 990 3860 -
1006 3835 1048 3885 14.
1062 3818 1249 3874 tinnibulum:
1264 3820 1497 3876 tintinnabulum.

293 3903 327 3957 B.
347 3905 380 3957 C.
400 3931 435 3944 -
456 3917 499 3968 15.
528 3911 594 3955 ante
612 3909 726 3955 sanctae
753 3901 844 3954 crucis
863 3899 1015 3953 vexillum:
1036 3909 1102 3954 ante
1121 3901 1213 3955 crucis
1240 3902 1270 3955 in
1287 3919 1325 3956 eo
1351 3902 1498 3969 depictum
1552 3921 1561 3942 ·

293 3983 441 4037 vexillum.
456 3985 488 4037 B.
503 4013 537 4026 -
553 3986 595 4036 16.
615 3984 695 4035 Dum
707 3981 847 4049 exurgis,
860 3991 932 4034 etc.:
953 3981 981 4033 T
976 3996 1030 4034 unc
1040 3985 1176 4049 exterges
1187 3999 1250 4036 eam
1269 3982 1363 4044 liuleo,
1381 3986 1411 4037 el
1425 3984 1500 4037 dices

291 4064 475 4132 antiphonam
492 4079 556 4117 cum
582 4063 715 4132 capitulo.
736 4063 768 4116 B.
789 4091 823 4104 -
845 4064 886 4116 18.
907 4077 1001 4116 vers:
1021 4063 1052 4115 B.
1074 4062 1157 4130 legit:
1180 4065 1328 4131 psalmus:
1346 4065 1411 4117 Vox
1441 4065 1499 4117 Do-

292 4144 361 4199 mini
380 4145 410 4198 in
429 4145 543 4206 virtute,
558 4160 616 4198 vox
635 4143 752 4197 Domini
766 4143 795 4196 in
814 4141 1040 4209 magnificentia,
1064 4159 1151 4210 usque
1171 4143 1202 4197 iu
1216 4143 1309 4211 finem
1322 4143 1440 4211 psalmi.
1464 4173 1499 4186 -

292 4243 337 4280 20.
356 4235 385 4280 et
404 4225 483 4280 dices
501 4225 665 4280 collectam:
686 4233 715 4278 et
733 4223 813 4278 dicas
831 4224 905 4277 hanc
923 4223 1092 4277 orationem.
1115 4225 1146 4278 B.

224 4477 240 4508 «
258 4456 292 4514 in
308 4473 425 4533 aquom
447 4454 644 4524 benediclom,
662 4454 696 4512 iu
713 4453 774 4512 olio
790 4471 863 4514 uase
878 4460 1075 4524 reserualam,
1100 4454 1146 4514 ad
1159 4454 1284 4514 modum
1302 4455 1404 4514 crucis
1425 4475 1497 4514 cum

224 4575 241 4606 «
256 4554 331 4612 sale.
347 4553 395 4614 El
407 4559 472 4612 lum
490 4553 636 4632 pollicem
659 4571 761 4622 serrem,
777 4553 810 4611 si
821 4571 855 4610 eo
871 4571 947 4611 lesus
960 4550 1075 4630 suerit,
1100 4552 1175 4612 bene
1189 4550 1343 4630 fricando
1359 4553 1502 4631 detergat

224 4671 241 4704 «
256 4670 328 4710 cum
343 4651 409 4711 sale
424 4657 522 4730 super
541 4669 659 4729 aquam
683 4651 717 4709 in
740 4669 804 4728 qua
819 4655 866 4709 est
880 4650 982 4710 oleum
997 4670 1132 4712 sacrum.
1159 4650 1204 4710 El
1220 4656 1294 4712 lunc
1315 4651 1399 4712 lavel
1410 4649 1499 4729 soris

225 4755 288 4809 «el
308 4750 395 4810 inlus
416 4755 624 4828 campanam.
641 4797 648 4810 .
665 4796 671 4807 .
690 4773 706 4802 »

265 4865 319 4924 35.
343 4847 440 4908 Gerb.
466 4853 518 4918 62,
545 4847 636 4906 Mart.
662 4844 741 4906 Ord.
767 4844 791 4916 l,
817 4843 875 4906 lll.
922 4841 955 4924 *)
972 4845 1058 4908 Vox:
1081 4848 1210 4917 collecto,
1229 4867 1311 4926 quae
1328 4847 1426 4910 hicet
1445 4868 1497 4910 nn.

220 4964 307 5024 seqq.
326 4944 471 5016 occurrit,
490 4943 585 5006 huius
602 4942 734 5005 Ordinis
749 4955 909 5005 auctorem
922 4943 1083 5006 diversum
1100 4943 1248 5016 ostendit,
1266 4945 1312 5006 uti
1329 4945 1391 5007 iam
1404 4967 1500 5026 supra

219 5041 286 5102 dixi
311 5041 344 5103 in
369 5053 443 5104 nota
465 5043 505 5104 ad
530 5063 560 5104 n.
586 5061 637 5119 33.

267 5145 321 5217 36.
346 5140 442 5206 Gerb.
468 5146 519 5212 62,
544 5141 638 5202 Mart.
664 5139 743 5203 Ord.
770 5138 792 5210 l,
820 5139 876 5202 111.

267 5257 320 5317 37.
347 5237 441 5300 Gerb.
467 5244 518 5310 62,
544 5241 637 5300 Mart
663 5236 742 5302 Ord.
769 5237 792 5310 Ι,
818 5236 876 5304 lll.
