4084 6128
542 1363 1248 1522 PONTIFICALE

506 1697 521 1706 ··
586 1701 591 1707 ·
672 1701 688 1705 ··
731 1653 953 1786 sane.
997 1673 1078 1779 ix

380 1973 431 2076 lN
468 1974 618 2078 USUM
655 1969 944 2076 ECCLESIAE
979 1961 1411 2065 MEDIOLANENSIS

790 2243 1001 2255 ..-----ι

286 2816 397 2922 ao
435 2649 1439 2922 nccrnsriiissssncanmn.
1466 2815 1499 2910 n
1578 2849 1593 2900 ⁵

361 3123 544 3198 Prz’nn’tns
564 3125 670 3219 anun,
688 3131 879 3219 antequam
905 3121 1077 3218 Pontifex
1104 3122 1260 3194 introeat
1276 3121 1314 3192 z'n
1341 3120 1529 3204 ecclesium,

251 3253 504 3326 illuminentur
529 3249 623 3322 XII
635 3249 803 3323 candelae
815 3259 886 3348 per
903 3249 1094 3322 n'rcnz'tum
1117 3248 1298 3320 ecclesiae:
1324 3255 1359 3318 et
1376 3244 1533 3318 induant

251 3405 287 3451 se
314 3378 528 3452 vestimentis
548 3377 675 3450 sucrz's.

360 3504 413 3578 Et
438 3529 518 3576 cnm
545 3503 708 3576 venerint
732 3501 787 3574 ud
808 3503 938 3575 ostium
962 3499 1132 3585 ecclesiae,
1157 3502 1343 3597 percutiat
1360 3499 1532 3596 Ponnsex

255 3735 516 3745 ——-——*--

324 3890 350 3950 ι)
371 3881 451 3936 Licet
478 3881 569 3936 codici
596 3891 693 3936 nostro
716 3882 833 3934 avulsae
860 3881 917 3934 sint
939 3880 1022 3934 initio
1045 3888 1103 3933 tres
1126 3879 1259 3946 paginae,
1279 3887 1386 3940 tamen,
1412 3876 1453 3930 uti
1472 3876 1532 3944 jam

253 3971 433 4038 insuperiori
447 3970 554 4025 codicis
566 3970 759 4038 descriptione
773 3970 879 4034 notavi,
897 3969 957 4025 duo
969 3969 1061 4039 prima
1074 3967 1151 4032 solia,
1166 3984 1271 4036 nempe
1289 3975 1413 4036 quatuor
1424 3966 1534 4034 primae

253 4061 374 4128 paginae
401 4060 438 4114 ad
467 4060 553 4115 ritum
581 4059 771 4116 dedicationis
798 4059 941 4128 pertinere
960 4075 1018 4114 non
1037 4067 1183 4128 poterant;
1203 4068 1233 4112 et
1252 4074 1360 4122 revera,
1389 4067 1534 4128 superstes

253 4151 444 4218 fragmentum
471 4150 590 4204 secundi
619 4149 696 4212 solii,
717 4158 778 4204 tum
803 4149 832 4204 in
858 4159 935 4204 recto
953 4157 1015 4202 tum
1035 4149 1064 4202 in
1085 4165 1167 4204 verso
1193 4147 1311 4204 exhibet
1332 4156 1444 4204 textum
1471 4165 1534 4204 ora·

253 4240 363 4295 tionum
383 4239 548 4306 posterioris
568 4256 680 4302 manus,
701 4256 776 4308 quae
789 4239 911 4307 proinde
929 4239 1076 4294 contextui
1094 4238 1278 4306 sequentium
1297 4237 1431 4294 soliorum
1453 4254 1477 4293 1.
1493 4255 1531 4294 m.

253 4328 405 4382 convenire
424 4345 482 4382 non
502 4337 648 4396 poterant:
670 4329 737 4384 hinc
755 4327 934 4396 supplendae
953 4337 1033 4383 erant
1051 4327 1126 4382 duae
1145 4337 1257 4384 tantum
1274 4328 1408 4396 paginae,
1429 4345 1534 4398 nempe

253 4417 326 4474 tertii
346 4416 416 4472 solii.
438 4416 524 4484 Quod
538 4426 569 4471 ut
581 4427 755 4484 praestarem
774 4427 889 4472 secutus
907 4434 972 4472 sum
982 4419 1104 4484 Gregor.
1119 4416 1166 4472 ed.
1186 4435 1202 4472 a
1223 4417 1371 4480 Menardo‚
1392 4417 1534 4474 adductus

254 4507 305 4561 hac
332 4505 445 4560 rubrica
471 4505 596 4572 quaein
616 4507 645 4560 A
670 4507 731 4576 (iol.
763 4505 816 4560 1)(ι
845 4516 874 4561 et
901 4507 940 4574 X)
968 4507 1006 4560 de
1033 4507 1198 4574 aspersione
1221 4507 1358 4562 ecclesiae
1382 4517 1410 4562 et
1438 4507 1534 4564 altaris

254 4597 370 4665 legitur:
391 4598 432 4650 Et
448 4597 545 4650 mittat
562 4597 738 4666 (episcopus)
751 4615 791 4652 ex
804 4598 948 4652 ministris
966 4603 995 4653 et
1011 4598 1133 4660 clericis,
1145 4598 1196 4668 qui
1205 4599 1385 4654 extrinsecas
1403 4598 1535 4656 ecclesiae

248 4687 374 4756 parietes
399 4703 456 4740 una
481 4687 550 4751 vr'ce,
566 4688 720 4756 psallentes
738 4692 888 4756 spargant.
911 4689 991 4742 Haec
1010 4689 1098 4744 verba
1116 4688 1184 4744 satis
1208 4688 1407 4744 demonstrant
1425 4689 1534 4744 nullam

252 4786 317 4832 ante
336 4777 498 4844 ingressum
511 4775 540 4830 in
553 4776 702 4831 eeclesiam
722 4786 865 4844 peractam
880 4777 966 4832 tuisse
979 4778 1155 4834 extrinsecus
1170 4779 1307 4834 ecclesiae
1326 4779 1532 4848 aspersionem,

252 4865 498 4936 quemadmodum
527 4865 667 4934 reperitur
691 4867 720 4920 in
747 4867 865 4934 vulgato
896 4867 1004 4924 Ordine
1029 4869 1179 4930 Romano,
1208 4869 1237 4924 in
1267 4869 1381 4940 Pontry.
1402 4869 1532 4940 Egbertd

252 4957 282 5011 in
299 4956 370 5012 Ord.
391 4971 427 5009 ex
446 4955 511 5010 cod.
532 4972 606 5010 saec.
629 4957 671 5010 IX
689 4955 736 5011 ed.
757 4974 775 5010 a
794 4957 936 5012 Gerberto
955 4959 1049 5026 (lion.
1071 4961 1136 5014 Vet.
1158 4959 1212 5016 Lit.
1229 4959 1324 5017 Alem.
1339 4977 1369 5028 p.
1391 4961 1430 5032 11,
1449 4977 1478 5030 p.
1499 4976 1533 5030 47

252 5056 280 5101 et
300 5048 396 5116 seqq.)
415 5046 445 5100 in
464 5046 645 5114 Gregoriano
664 5046 742 5114 apud
761 5047 905 5110 menard„
927 5047 975 5104 ubi
995 5048 1032 5102 ad
1053 5049 1147 5104 locum
1176 5050 1343 5118 parallelum
1372 5069 1437 5108 curn
1467 5051 1532 5108 cod.

254 5149 350 5194 nostro
377 5137 495 5206 legitur:
518 5139 634 5193 Emittit
656 5155 695 5194 ex
721 5138 864 5194 nrinistris
888 5143 939 5194 ant
961 5139 1074 5194 clericis
1098 5141 1167 5196 duos
1192 5145 1239 5198 vet
1261 5145 1328 5206 tres,
1347 5145 1397 5212 qni
1421 5145 1533 5200 ernin-
