4078 6126
495 503 546 556 116
742 497 946 552 APPENDIX
966 499 1022 552 AD
1043 497 1310 551 PONTIFICALE
1330 495 1439 551 SAEC.
1463 495 1514 550 lx.

495 762 679 843 sceptrum
708 731 842 819 domus
871 745 993 831 lsrael,
1025 746 1087 843 qui
1116 745 1236 843 aperit
1262 761 1300 818 et
1329 769 1438 818 nemo
1467 743 1613 828 claudit,
1638 741 1776 816 claudit

495 888 533 947 et
561 898 671 946 nemo
703 871 833 969 aperit.
868 871 1000 969 Sitque
1028 871 1092 945 tibi
1121 887 1249 945 auctor
1281 871 1344 968 qui
1377 870 1501 944 educit
1532 870 1693 943 vinctum
1726 867 1775 940 de

494 998 608 1072 domo
626 998 780 1072 carceris
799 996 1068 1094 sedentemque
1096 997 1132 1069 in
1153 995 1315 1070 tenebris
1343 1012 1381 1070 et
1408 996 1539 1068 umbra
1566 995 1710 1068 mortis:
1737 1010 1776 1066 et

496 1125 531 1197 in
561 1125 735 1197 omnibus
763 1122 868 1220 sequi
889 1122 1062 1196 merearis
1091 1147 1176 1196 eum
1195 1121 1243 1196 de
1271 1149 1347 1221 quo
1378 1121 1500 1195 David
1520 1120 1703 1218 propheta
1720 1145 1779 1192 ce·

451 1288 466 1338 5
495 1249 600 1324 cinit:
631 1248 751 1322 Sedes
773 1265 837 1322 tua
866 1249 972 1322 Deus
995 1249 1031 1321 in
1055 1249 1243 1322 saeculum
1274 1247 1427 1332 saeculi;
1448 1247 1552 1344 virga
1578 1245 1777 1343 aequitatis

496 1376 600 1472 virga
619 1374 723 1471 regni
744 1375 812 1460 tui;
833 1390 872 1446 et
890 1373 1068 1448 imitando
1089 1374 1221 1471 ipsum,
1243 1373 1377 1471 diligas
1407 1372 1593 1456 iustitiam,
1624 1386 1662 1444 et
1690 1369 1778 1444 odio

497 1500 636 1574 habeas
656 1499 903 1597 iniquitatem;
924 1499 1011 1595 quia
1030 1516 1227 1597 propterea
1246 1501 1350 1573 unxit
1369 1516 1405 1572 te
1426 1499 1533 1572 Deus
1554 1497 1660 1570 Deus
1679 1513 1775 1577 tuus,

497 1626 545 1700 ad
573 1624 784 1722 exemplum
814 1624 908 1699 illius
936 1651 1048 1722 quem
1077 1642 1164 1699 ante
1196 1626 1343 1700 saecula
1374 1640 1529 1698 unxerat
1556 1622 1641 1696 oleo
1675 1621 1779 1696 exul-

498 1752 647 1826 tationis
675 1776 763 1848 prae
792 1750 1030 1849 participibus
1060 1752 1146 1838 suiS,
1173 1751 1325 1848 jhesum
1355 1751 1544 1825 Christum
1575 1748 1778 1822 Dominum

439 1911 471 1947 10
500 1893 675 1963 nostrum,
707 1875 880 1972 quicum
909 1901 956 1950 eo
983 1876 1071 1949 vivit
1098 1893 1136 1950 et
1164 1894 1307 1975 regnat.

977 2004 1146 2099 Acceplz'o
1169 2003 1304 2100 gladii.

610 2148 643 2220 7.
674 2128 812 2225 Accipe
839 2127 1005 2226 gladium
1034 2155 1101 2225 per
1128 2154 1260 2203 manus
1288 2129 1547 2224 episcoporum
1575 2126 1659 2200 licet
1692 2125 1781 2198 indi-

501 2279 607 2350 gnaS,
632 2253 710 2327 vice
730 2269 852 2328 tamen
873 2271 911 2327 et
929 2254 1146 2328 auctoritate
1165 2271 1376 2328 sanctorum
1396 2252 1663 2350 Apostolorum
1692 2277 1782 2324 con-

502 2397 679 2466 secratae,
711 2381 775 2454 tibi
805 2380 978 2478 regaliter
1005 2381 1229 2478 impositum,
1262 2396 1485 2478 nostraeque
1513 2378 1782 2454 benedictionis

442 2544 472 2594 15
501 2505 623 2579 officio
653 2506 688 2578 in
717 2505 974 2580 defensionem
995 2525 1144 2582 sanctae
1174 2507 1247 2580 Dei
1278 2505 1465 2581 Ecclesiae
1488 2506 1664 2580 divinitus
1688 2503 1782 2578 ordi-

503 2646 646 2705 natum:
675 2647 715 2706 et
742 2648 823 2706 esto
852 2657 994 2704 memor
1011 2632 1059 2705 de
1078 2659 1154 2729 quo
1173 2631 1365 2728 psalmista
1383 2632 1618 2730 prophetavit
1636 2632 1778 2705 dicens:

502 2756 709 2855 Accingere
728 2757 854 2855 gladio
873 2774 938 2831 tuo
958 2783 1070 2854 super
1089 2757 1232 2832 soemur
1251 2773 1365 2844 tuum,
1388 2757 1661 2855 potentissime;
1682 2772 1723 2828 ut
1745 2755 1780 2826 in

502 2881 573 2955 hoc
601 2908 667 2978 per
693 2883 855 2957 eundem
883 2883 955 2956 vim
984 2883 1181 2980 aequitatis
1204 2909 1387 2971 exerceas,
1414 2883 1549 2958 molem
1580 2879 1781 2978 iniquitatis

503 3023 676 3104 potenter
701 3008 881 3095 destruas
914 3025 952 3082 et
979 3019 1144 3082 'sanctam
1166 3011 1237 3083 Dei
1260 3009 1460 3084 Ecclesiam
1480 3011 1635 3107 eiusque
1655 3007 1782 3081 fideles

443 3165 477 3202 20
504 3159 721 3232 propugnes
739 3161 782 3209 ac
810 3151 1001 3232 protegas:
1025 3161 1092 3210 nec
1111 3137 1232 3209 minus
1251 3136 1287 3209 in
1312 3135 1661 3234 fidesa1505‚quanr
1690 3133 1784 3207 chri-

504 3259 612 3333 stiani
643 3261 802 3334 nominis
821 3261 948 3334 hostes
965 3243 1118 3335 execres
1136 3287 1179 3335 ac
1198 3260 1386 3335 destruas:
1416 3261 1547 3334 viduas
1566 3276 1604 3334 et
1623 3258 1782 3357 pupillos

503 3385 704 3460 clementer
730 3387 883 3464 adiuves
910 3414 954 3461 ac
981 3387 1180 3462 delendas:
1210 3386 1379 3463 desolata
1412 3404 1614 3472 restaureS,
1646 3402 1782 3460 restau-

503 3527 583 3584 rata
609 3537 824 3600 conserves;
853 3512 1038 3587 ulciscaris
1066 3514 1217 3588 iniusta:
1247 3514 1443 3588 confirmes
1462 3514 1559 3586 bene
1581 3511 1780 3609 disposita:

504 3653 701 3734 quatemus
730 3637 820 3712 haec
854 3639 1004 3736 agendo
1036 3639 1210 3712 virtutum
1240 3638 1426 3736 triumpho
1453 3637 1654 3736 gloriosus,
1686 3636 1784 3709 iusti-

444 3798 475 3847 25
505 3762 652 3860 tiaeque
680 3762 797 3837 cultor
824 3764 1000 3861 egregius
1028 3789 1111 3837 cum
1140 3766 1268 3838 mundi
1290 3764 1493 3850 Salvatore,
1523 3764 1627 3836 cuius
1655 3778 1783 3858 typum

504 3887 605 3983 geris
633 3888 668 3960 in
700 3890 859 3975 nomine,
882 3891 962 3963 sine
991 3888 1063 3962 fine
1087 3891 1261 3964 merearis
1284 3915 1452 3988 regnare.
1475 3890 1549 3983 Qui
1572 3914 1654 3962 curn
1678 3889 1784 3961 Patre

505 4028 543 4084 et
571 4013 710 4109 Spiritu
740 4032 880 4088 sancto.

990 4141 1158 4238 Acceptis)
1185 4142 1300 4214 anuli.

614 4272 649 4341 8.
680 4266 818 4363 Accipe
837 4265 963 4363 regiae
990 4266 1182 4364 dignitatis
1210 4266 1377 4340 anulum:
1408 4282 1445 4340 et
1472 4291 1539 4363 per
1566 4267 1663 4340 hunc
1691 4267 1784 4340 inte

444 4433 479 4483 30
506 4389 706 4465 catholicae
726 4390 811 4464 fidei
832 4416 1018 4488 cognosce
1038 4391 1286 4490 signaculum:
1306 4393 1393 4491 quia
1417 4409 1457 4465 ut
1476 4391 1587 4465 hodie
1605 4391 1785 4465 ordinaris

506 4533 683 4613 caputet
710 4517 881 4614 princeps
909 4518 1013 4615 regni
1040 4543 1082 4592 ac
1110 4518 1248 4615 populi,
1280 4519 1330 4593 ita
1353 4517 1632 4615 perseverabilis
1658 4535 1786 4592 auctor

651 4779 694 4820 20.
715 4765 759 4820 in:
778 4767 842 4820 sub.
863 4767 896 4820 C.
918 4793 951 4806 -
968 4779 1012 4830 24.
1033 4765 1162 4831 agendo:
1182 4765 1211 4819 in
1230 4765 1353 4832 agendo.
1374 4767 1407 4820 C.

554 5003 583 5062 7.
609 4982 687 5046 Ord.
715 4984 807 5044 Rom.
837 5003 906 5062 150,
933 4986 1017 5048 Mart
1041 4985 1119 5048 Ord.
1145 4986 1200 5049 VI.

555 5099 583 5152 8.
609 5091 687 5153 Ord.
714 5091 807 5152 Rom.
837 5111 906 5168 150,
933 5093 1025 5155 Mart.
1051 5093 1130 5156 Ord.
1154 5095 1212 5160 Vl.
