4078 6126
471 499 521 550 124
725 481 928 537 APPENDIX
948 484 1004 536 Al)
1026 481 1292 536 PONTlFlCALE
1312 482 1422 535 SAEC.
1446 480 1497 534 lx.

468 731 748 803 oereudc'ssr'mus
774 730 942 802 douee'aus
963 731 1259 827 arclu'epcscopus,
1284 753 1346 802 seu
1364 727 1654 826 archipresbyter
1674 736 1749 824 pro

467 883 514 938 eo,
530 857 711 952 porrigat
731 855 803 927 sr'hc'
821 880 960 928 crucem
983 883 1136 930 auream
1158 857 1213 930 acl
1226 858 1385 930 osculum
1397 857 1514 953 pacis.

578 983 631 1054 Et
649 982 965 1077 processionaliter
976 984 1145 1079 pedester
1172 982 1375 1055 rleelueatur
1401 1006 1513 1077 usque
1539 981 1749 1077 adportant

461 1109 673 1206 praeelectae
704 1107 878 1190 ecclesrae,
910 1108 1137 1182 cantantibus
1164 1109 1346 1180 uniuersus
1377 1106 1470 1180 lcauc
1496 1106 1751 1202 autrpltouam:

426 1263 440 1312 s
471 1237 566 1308 Ecce
595 1234 700 1307 mitto
734 1232 911 1328 angelum
941 1260 1076 1319 meum,
1107 1251 1193 1318 etc.,
1233 1259 1345 1330 usque
1372 1243 1454 1306 aute
1491 1234 1611 1306 aluere
1637 1232 1753 1304 dictae

468 1361 637 1433 ecclesiae.
670 1359 722 1430 Et
748 1359 800 1430 r‘bc'
823 1367 896 1454 per
930 1361 1116 1433 docuinam
1151 1361 1458 1457 arclu'epc'scopuac
1494 1359 1641 1432 dicatur
1667 1359 1753 1430 leaec

470 1487 608 1558 aratra:

578 1631 611 1702 7.
644 1611 760 1693 Deus,
792 1611 828 1682 in
847 1611 952 1684 cuius
980 1637 1091 1684 manu
1121 1611 1233 1684 corda
1261 1627 1348 1684 sunt
1376 1636 1518 1708 regum,
1550 1609 1683 1683 inclina
1706 1609 1752 1682 ad

470 1761 598 1832 preces
617 1733 831 1808 humilitatis
860 1752 1008 1812 nostrae
1034 1762 1144 1810 aures
1173 1737 1444 1810 misericordiae
1464 1753 1560 1822 tuae,
1582 1753 1620 1809 et
1643 1736 1755 1832 impe·

411 1895 443 1930 ιο
471 1863 579 1935 ratori
601 1877 726 1934 nostro
757 1862 894 1936 famulo
913 1880 978 1936 tuo
998 1862 1045 1936 ill.
1067 1864 1233 1960 regimen
1258 1879 1344 1936 tuae
1363 1887 1512 1959 appone
1531 1863 1752 1959 sapientiae:

471 2005 521 2072 ut,
551 1988 692 2062 haustis
720 1988 768 2062 de
802 2004 867 2061 tuo
896 1989 999 2062 sonte
1026 1988 1199 2074 consiliis,
1225 2005 1263 2062 et
1290 1989 1355 2062 tibi
1385 1988 1538 2085 placeat,
1574 2005 1612 2061 et
1644 2014 1756 2084 super

471 2114 596 2187 omnia
623 2140 740 2212 regna
769 2114 979 2211 praecellat.
1012 2115 1081 2188 Per
1110 2115 1314 2188 Dominum
1344 2131 1520 2190 nostrum.

579 2245 614 2313 8.
631 2241 893 2336 Subsequcuter
906 2243 1096 2314 collocetur
1109 2241 1163 2313 acl
1172 2241 1287 2314 locum
1302 2242 1523 2325 ordinatum,
1544 2253 1579 2316 ct
1599 2252 1757 2340 appara·

472 2379 548 2441 tura
568 2376 643 2464 pro
671 2370 748 2464 epse
774 2369 1001 2440 serenissimo
1028 2394 1125 2462 rege,
1152 2377 1186 2440 et
1212 2367 1265 2440 iti
1288 2376 1453 2440 cantetur
1479 2378 1563 2442 aut:
1584 2368 1757 2443 Exaltent

413 2519 444 2569 15
473 2522 559 2569 eum
595 2497 630 2569 in
663 2495 819 2569 ecclesia
846 2495 984 2593 plebis
1014 2511 1083 2568 etc.
1115 2495 1177 2568 lbi
1200 2493 1414 2592 afferantur
1447 2496 1610 2590 regalia,
1641 2505 1676 2567 et
1701 2495 1745 2566 de

467 2630 658 2718 ponantur
685 2648 807 2695 coraue
834 2623 962 2695 altarr'.

582 2772 617 2837 9.
646 2748 746 2820 Tunc
760 2749 1012 2844 interrogetur
1030 2749 1106 2844 ipse
1119 2773 1191 2819 rex
1208 2772 1231 2819 a
1251 2745 1394 2819 domrico
1412 2747 1675 2843 arclu'eprscopo
1687 2757 1759 2843 per

474 2873 571 2945 lucac
597 2873 764 2946 mactum:

583 2997 704 3072 Vultis
723 3015 870 3072 sanctas
892 2999 963 3072 Dei
984 2997 1158 3072 ecclesias
1177 3023 1219 3071 ac
1239 3012 1401 3072 rectores
1429 3023 1555 3072 earum
1583 2998 1759 3072 canonice

415 3151 449 3186 20
477 3125 674 3212 institutos,
696 3143 733 3200 et
761 3127 964 3200 secundnm
984 3127 1202 3224 religionem
1229 3125 1463 3199 christianam
1492 3125 1655 3199 debitam
1676 3123 1759 3228 (su)

477 3252 652 3336 viventes,
684 3278 828 3326 necnon
857 3269 895 3326 et
922 3269 1095 3326 cunctum
1124 3250 1303 3349 populum
1333 3253 1400 3325 sibi
1430 3268 1469 3325 et
1495 3252 1602 3324 vobis
1635 3252 1757 3324 subie-

477 3395 575 3450 ctum
604 3378 699 3450 iuste
726 3403 768 3452 ac
797 3379 970 3476 religiose
998 3378 1112 3476 regali
1141 3377 1374 3475 providentia
1405 3378 1608 3453 defendere
1635 3403 1678 3452 ac
1706 3403 1758 3450 re·

477 3503 588 3600 gere?

584 3629 781 3724 Respuese'o
821 3631 940 3725 reges:
979 3629 1157 3704 Profiteor
1192 3630 1227 3703 in
1264 3647 1444 3727 quantum
1487 3631 1612 3703 divino
1648 3629 1759 3703 fultus

416 3779 448 3828 25
477 3751 659 3827 adiutorio
687 3779 729 3828 ac
758 3753 889 3827 solatio
917 3756 1082 3827 omnium
1112 3755 1274 3828 fidelium
1304 3782 1470 3831 meorum
1506 3756 1672 3842 valuero,
1710 3758 1759 3830 ita

478 3906 537 3952 me
565 3906 632 3977 per
657 3881 782 3954 omnia
810 3907 894 3955 esse
921 3898 1105 3968 acturum;
1135 3898 1173 3956 et
1201 3883 1250 3956 ita
1279 3884 1359 3957 iuro
1386 3900 1425 3957 et
1452 3884 1638 3980 promitto.

590 4031 647 4079 10.
671 4006 708 4078 T
703 4033 772 4078 unc
782 4009 995 4103 praedictus
1006 4009 1177 4105 pontelex
1195 4035 1232 4080 se
1243 4019 1447 4104 praeparet
1464 4009 1519 4081 acl
1533 4010 1692 4081 cllr'ssam
1711 4033 1762 4080 ce·

477 4131 709 4214 latrandum:
726 4143 761 4204 et
776 4134 978 4230 z'ucepc'atur
996 4135 1118 4206 Messa
1130 4145 1203 4230 per
1220 4135 1468 4232 consesseoucuc
1477 4136 1664 4232 praeelecti
1671 4145 1761 4232 pou-

478 4257 587 4351 tz'sscr's
614 4283 688 4329 uua
717 4283 796 4329 cuae
817 4256 1006 4354 praedicto
1033 4284 1129 4352 rege.
1168 4259 1205 4328 Τ
1201 4284 1270 4330 uac
1286 4258 1385 4352 ficut
1410 4261 1573 4342 letaniae,
1604 4269 1639 4332 et
1663 4260 1760 4357 leym·

417 4415 451 4462 30
478 4409 566 4455 uus·
586 4383 680 4455 Veni
701 4399 844 4456 creator
863 4383 1033 4478 Spiritus.
1052 4383 1178 4454 l’ostea
1197 4393 1359 4456 cantores
1377 4386 1554 4481 rucr'peaut
1570 4387 1760 4459 introitum

480 4509 641 4590 tllissae:
659 4509 785 4580 derude
794 4509 1006 4604 praedictus
1018 4509 1186 4581 deterritus
1199 4510 1486 4608 arclueprscopus
1500 4513 1651 4608 r'uccpr'at
1663 4512 1760 4608 tym-

479 4660 565 4706 ucou
595 4634 826 4730 Angelorum
854 4633 1031 4707 or'clelicet:
1059 4633 1187 4709 Gloria
1215 4635 1251 4708 in
1280 4636 1444 4724 excelsis
1475 4655 1543 4712 etc.

626 4887 668 4924 12.
691 4871 743 4924 Per
764 4871 922 4926 Dominum
942 4881 1087 4928 nostrum:
1108 4891 1164 4930 om.
1186 4876 1269 4929 Miss.
1299 4877 1360 4930 t'c'r.

528 5103 555 5162 7.
581 5082 652 5144 Gel.
680 5101 740 5160 731
767 5087 869 5162 (276),
896 5087 978 5146 Mur.
1004 5091 1078 5162 456,
1104 5084 1198 5148 Gerb.
1227 5103 1299 5163 277.
