4084 6128
804 516 1031 570 PRAEFATIO
1471 529 1556 570 xxxu

278 769 386 840 ritum
415 768 676 848 dedicationis:
707 767 758 840 uti
789 767 927 840 similes
956 765 1130 862 leguntur
1159 765 1192 837 in
1217 764 1298 837 cod.
1331 763 1556 859 bloguntino

276 919 371 966 saec.
395 893 516 972 lX·X,
540 893 631 967 inira
650 893 834 990 descripti,
857 893 949 965 etin
972 891 1176 963 Ordinibus
1196 889 1305 962 editis
1324 915 1346 961 a
1368 890 1553 960 lllartene:

278 1017 380 1113 ipsae
409 1044 519 1092 voces
547 1045 643 1116 quae
672 1020 708 1091 in
738 1019 955 1115 fragmentis
984 1017 1158 1112 leguntur
1177 1041 1251 1088 non
1280 1015 1446 1088 officiunt
1474 1013 1557 1086 huic

277 1145 502 1230 sententiae;
524 1145 601 1230 sed,
626 1171 709 1218 cum
730 1147 765 1218 in
785 1171 871 1218 casu
893 1161 1026 1240 agatur
1039 1143 1087 1215 de
1106 1141 1357 1214 additionibus
1377 1141 1559 1238 posterio-

277 1269 388 1346 ribus,
420 1269 576 1342 sufficiet
603 1296 648 1342 ex
677 1270 864 1343 codicibus
893 1269 1039 1341 coaevis
1058 1267 1251 1340 restituere
1279 1266 1373 1338 duas
1401 1267 1557 1362 paginas

277 1393 351 1466 folii
381 1397 487 1470 tertii.

389 1522 459 1594 llis
487 1522 714 1618 praenotatis
743 1523 869 1618 paucis
898 1521 1020 1594 verbis
1049 1521 1227 1594 rationem
1248 1519 1357 1592 huius
1386 1517 1558 1590 editionis

276 1672 473 1742 exponam.

384 1773 549 1847 Consilio
579 1775 778 1870 peritorum
800 1792 1047 1871 opportunam
1069 1774 1219 1845 minime
1239 1771 1325 1844 duxi
1356 1769 1556 1842 editionem

275 1898 568 1996 diplomaticam,
607 1917 647 1972 ut
681 1918 832 1982 vocant:
869 1926 942 1973 non
979 1900 1014 1971 id
1050 1899 1165 1996 exigit
1201 1923 1323 1995 neque
1356 1897 1557 1992 antiquitas

275 2025 422 2108 codicis
455 2051 576 2122 neque
604 2041 815 2108 contextus;
854 2043 977 2099 tamen
1009 2028 1043 2099 in
1081 2025 1218 2109 dubiis
1252 2048 1324 2095 non
1361 2039 1557 2094 contentus

277 2177 361 2224 meo
390 2151 540 2233 iudicio,
572 2151 628 2224 vel
659 2152 695 2223 in
725 2152 822 2224 notis
852 2152 1021 2226 indicabo
1050 2150 1240 2250 quomodo
1268 2149 1386 2221 codex
1421 2174 1460 2220 se
1489 2146 1556 2220 ha-

275 2276 372 2360 beat,
402 2275 459 2348 vel
489 2276 647 2350 fideliter
674 2276 835 2349 eundem
864 2277 1124 2374 reproducens,
1155 2275 1206 2347 uti
1237 2275 1271 2346 in
1303 2272 1482 2346 similibus
1506 2272 1556 2352 lit,

276 2403 411 2476 addam
439 2430 583 2478 vocem:
613 2407 674 2478 sic.

385 2530 425 2602 ln
444 2529 594 2628 reliquis
613 2531 889 2629 ortographiam
909 2529 1153 2603 communiter
1171 2544 1358 2622 acceptam
1379 2541 1559 2620 sequutus

277 2681 370 2733 sum,
400 2681 483 2727 cum
508 2683 638 2752 parum
658 2659 705 2730 ad
727 2684 804 2731 rem
825 2674 988 2730 nostram
1009 2655 1139 2727 iuverit
1158 2653 1383 2726 adamussim
1404 2649 1558 2723 reddere

277 2779 413 2852 formas
441 2807 615 2855 erroneas
643 2784 811 2879 proprias
840 2781 1121 2854 amanuensium
1146 2777 1290 2851 illorum
1310 2775 1554 2850 saeculorum.

386 2906 503 2980 Modo
537 2909 790 2981 recensionem
826 2908 981 2981 aliorum
1014 2906 1199 2987 codicum,
1237 2903 1484 2976 adhibitorum
1522 2901 1556 2971 in

278 3031 483 3105 subsidium
503 3059 570 3128 pro
600 3034 706 3118 notis,
738 3035 897 3107 breviter
915 3032 1122 3128 expediam,
1148 3032 1197 3103 ita
1217 3046 1340 3103 tamen
1361 3045 1401 3100 ut
1429 3051 1560 3099 eorun-

279 3155 364 3229 dem
394 3160 583 3255 synopsim
613 3158 748 3233 habeat
776 3158 900 3232 lector.

282 3429 353 3499 DE
374 3428 587 3500 ALTERO
610 3428 811 3502 CODlCE
834 3427 1297 3502 llETROl'OLl'l'ANO
1318 3425 1464 3498 SllEC.
1489 3423 1557 3496 Xl.

386 3661 554 3735 Alterum
573 3661 784 3735 l’ontificale
803 3661 1084 3735 llediolanense
1104 3660 1170 3732 sed
1191 3657 1359 3730 mutilum
1378 3657 1558 3730 habemus

281 3791 314 3862 in
345 3789 471 3860 codice
500 3812 594 3859 saec.
627 3788 694 3872 Xl,
726 3790 788 3884 qui
819 3789 923 3861 sicuti
954 3786 1084 3859 Codex
1113 3787 1152 3857 Λ
1181 3801 1238 3857 est
1267 3784 1352 3856 iuris
1374 3781 1560 3854 Ecclesiae

282 3912 601 4010 lletropolitanae,
632 3913 718 3985 olim
748 3915 935 4011 signatus:
959 3914 1013 3985 H.
1040 3937 1077 4007 9,
1109 3929 1146 3984 et
1169 3911 1360 3984 recentiori
1389 3907 1559 4005 catalogo

281 4043 377 4136 sign.
407 4067 441 4111 n.
473 4061 532 4109 2J.
566 4039 606 4110 ln
636 4037 744 4112 buius
773 4040 945 4112 editionis
973 4037 1230 4111 collationibus
1250 4035 1430 4108 indicatur
1457 4034 1561 4106 litera

280 4165 423 4262 capitali
454 4166 500 4238 ll.

388 4293 542 4366 blutilus
563 4293 666 4364 initio
686 4309 724 4364 et
742 4291 789 4364 ad
810 4291 932 4373 linem,
955 4307 1101 4364 constat
1124 4288 1218 4362 soliis
1245 4291 1314 4360 128
1338 4286 1477 4358 sormae
1497 4286 1560 4356 mi-

283 4421 380 4492 noris
401 4421 529 4513 l0‚2o5
550 4436 582 4500 ><
600 4418 732 4514 0,310)
757 4416 876 4513 plenis
895 4415 1012 4495 lineis,
1035 4413 1158 4510 ampla
1178 4414 1357 4508 scriptura
1371 4435 1467 4482 saec.
1490 4411 1557 4491 Xl,

281 4546 393 4618 titulis
416 4562 454 4618 et
481 4546 593 4618 literis
622 4543 837 4639 capitalibus
867 4541 1072 4618 rubricatis:
1105 4538 1290 4612 nonnullis
1309 4537 1419 4609 etiam
1447 4534 1561 4608 literis

282 4670 478 4744 initialibus
506 4669 661 4765 depictis
690 4668 917 4740 ornamentis
945 4683 982 4738 et
1010 4667 1119 4738 variis
1148 4663 1343 4737 coloribus¹
1378 4661 1482 4734 Folia
1510 4661 1562 4732 di-

281 4799 435 4871 stributa
464 4813 549 4869 sunt
578 4821 644 4890 per
671 4793 945 4890 quaterniones,
977 4792 1028 4864 uti
1062 4807 1206 4863 constat
1238 4817 1284 4862 ex
1316 4813 1469 4861 numero
1497 4787 1563 4858 dc-

282 4923 416 5018 scripto
444 4923 480 4994 in
509 4919 606 4994 calce
636 4945 658 4992 a
690 4936 796 5015 tergo
832 4917 949 4990 ultimi
987 4915 1080 4988 lolii:
1119 4941 1164 4988 ex
1200 4915 1267 4988 bac
1305 4913 1561 4985 numeratione

282 5047 420 5144 primae
449 5072 591 5130 manus,
623 5061 777 5140 apparet
806 5042 892 5114 lolia
915 5040 1061 5124 codicis,
1084 5039 1167 5112 licet
1188 5038 1445 5136 antiquissime
1465 5061 1560 5106 com-
