4084 6128
553 527 706 581 ORATIO
725 527 782 578 AD
801 525 1007 579 CLERICUII
1030 524 1269 578 FACIENDUM
1516 539 1549 589 29

272 778 364 851 sicut
392 777 592 849 inmutatur
611 773 646 846 in
675 771 794 859 vultu,
826 773 876 847 ita
913 799 1044 848 manus
1073 773 1247 848 dexterae
1283 790 1369 848 tuae
1398 775 1432 848 in
1463 803 1548 850 eum

271 903 412 977 virtutis
439 901 575 975 tribuat
604 901 885 974 incrementum:
917 915 958 972 ut
978 899 1026 972 ab
1054 899 1154 971 omni
1183 901 1359 974 caecitate
1388 899 1549 976 humana

415 1185 440 1223 2.
461 1165 573 1221 virtutis
586 1165 691 1219 tribuat
704 1164 912 1218 incrementum
926 1172 972 1218 ut:
989 1163 1101 1218 virtutis
1113 1163 1316 1231 perfectionem
1329 1166 1444 1230 tribuat,
1460 1178 1498 1222 et.
1514 1171 1546 1224 C.

343 1279 377 1292 -
395 1250 619 1303 incrementum:
640 1248 796 1314 suppletum
815 1263 840 1298 2.
861 1262 918 1299 mn.
938 1262 1040 1300 coactu
1059 1251 1120 1313 sap.
1141 1247 1192 1301 liu.

276 1513 293 1542 «
311 1497 451 1566 ternpore
474 1485 556 1546 beati
581 1483 710 1546 Galdini
728 1482 967 1564 Archiepiscopi
984 1483 1071 1546 venit
1094 1484 1255 1564 quondam
1274 1485 1436 1566 Satrapus,
1462 1507 1550 1566 prae·

276 1611 292 1640 «
310 1584 431 1664 positus
453 1583 622 1644 canonicae
645 1582 744 1644 sancti
768 1581 940 1654 Ambrosii,
964 1582 1005 1643 ad
1029 1581 1195 1643 dominum
1231 1581 1415 1654 Galdinum,
1440 1585 1550 1646 volens

276 1682 466 1744 «licentiam
490 1682 530 1743 ad
554 1701 592 1743 eo
617 1680 750 1742 faciendi
768 1680 898 1743 clericos
922 1679 1106 1760 impetrare:
1131 1701 1227 1760 quarn
1252 1681 1368 1743 habere
1394 1681 1547 1762 nequivit,

277 1807 293 1837 a
310 1781 369 1843 nisi
393 1781 433 1842 ad
458 1801 566 1860 preces
588 1779 710 1842 domini
735 1779 846 1842 Oberti
871 1778 1000 1840 Crivelli
1032 1791 1108 1841 tunc
1132 1779 1367 1852 ArchidiaconI,
1398 1780 1463 1860 qui,
1500 1802 1551 1843 me

276 1891 481 1960 «praesente,
511 1879 571 1958 ipsi
602 1879 733 1941 domino
757 1878 892 1957 Satrapo
924 1877 1083 1940 licentiam
1106 1877 1239 1940 saciendi
1275 1878 1414 1950 clericos
1439 1890 1470 1940 et
1498 1879 1550 1941 vix

276 1993 424 2050 «tamen,
449 1977 662 2058 acquisivit».
689 1977 779 2039 Alter
809 1997 894 2048 vero,
930 1978 1092 2038 Honestus
1122 1977 1163 2039 de
1195 1977 1365 2058 Cosenigo,
1398 1979 1550 2041 narravit:

276 2101 292 2131 α
309 2078 396 2158 quod
431 2077 581 2138 dominus
615 2075 814 2156 praepositus
848 2075 947 2138 sancti
971 2074 1133 2137 Ambrosii
1170 2076 1243 2138 facit
1273 2076 1404 2138 clericos
1431 2077 1463 2138 in
1494 2097 1552 2138 ec-

277 2201 293 2229 «
310 2176 404 2238 clesia
438 2175 521 2237 beati
546 2175 707 2236 Ambrosii
744 2174 857 2246 libere,
889 2195 947 2237 sua
981 2174 1168 2237 auctoritate
1197 2187 1230 2237 et
1258 2194 1320 2237 non
1355 2175 1396 2238 de
1426 2175 1552 2238 licentia

277 2299 293 2328 «
313 2273 561 2354 Archiepiscopi.
587 2273 804 2354 Interrogatus
826 2274 989 2353 quomodo
1013 2273 1080 2345 scit,
1106 2273 1283 2354 respondit:
1301 2274 1386 2354 Quia
1410 2274 1474 2336 vidi
1498 2275 1552 2336 do·

277 2373 431 2435 «minum
457 2375 583 2434 Petrum
610 2373 757 2452 Longum
783 2373 1007 2452 praepositum,
1033 2383 1174 2452 tempore
1198 2393 1274 2435 suae
1304 2373 1549 2454 praepositurae,

278 2501 294 2526 «
311 2472 441 2534 clericos
465 2472 565 2534 sacere
588 2472 629 2532 ad
652 2471 751 2534 altare
774 2471 857 2533 beati
882 2471 1044 2534 Ambrosii
1068 2492 1125 2551 per
1148 2493 1182 2534 se
1204 2472 1254 2534 vel
1279 2492 1449 2552 persuum
1474 2493 1552 2534 nun-

278 2571 404 2642 «cium,
441 2570 660 2650 praesentibus
682 2569 843 2632 canonicis
877 2582 908 2633 et
930 2570 1001 2632 aliis
1025 2569 1170 2650 pluribus
1205 2570 1349 2650 personis
1371 2572 1412 2633 de
1435 2571 1551 2652 quibus

280 2697 295 2722 «
317 2690 378 2732 non
402 2670 581 2731 recordor...
609 2669 825 2750 Interrogatus
849 2670 1012 2749 quomodo
1035 2669 1103 2742 scit,
1124 2670 1211 2750 quod
1236 2670 1436 2750 praepositus
1459 2670 1551 2732 saciat

278 2795 294 2822 «
311 2769 440 2831 clericos
474 2767 542 2829 sine
572 2767 699 2829 licentia
722 2767 972 2848 Archiepiscopi,
997 2768 1178 2848 respondit:
1203 2767 1288 2848 Quia
1322 2780 1465 2850 ternpore
1487 2789 1552 2849 quo

278 2893 294 2922 «
310 2867 459 2929 dominus
495 2867 660 2947 Philippus
694 2879 761 2928 erat
784 2867 1051 2948 Archipresbyter
1081 2866 1210 2948 majoris
1232 2866 1391 2940 ecclesiae,
1428 2867 1553 2949 rogavit

278 2965 378 3046 «ipse
400 2977 518 3028 attente
542 2986 600 3045 pro
623 2965 776 3028 Anselmo
799 2987 858 3028 suo
875 2967 1089 3046 praepositum
1114 2977 1145 3028 et
1167 2967 1337 3029 canonicos
1361 2967 1459 3030 sancti
1477 2968 1550 3029 Am·

278 3064 417 3137 «brosii,
442 3075 477 3126 ut
500 3063 663 3126 titularent
691 3064 795 3144 ipsum
821 3064 1008 3127 Anselmum
1033 3064 1065 3126 in
1090 3065 1221 3128 ecclesia
1245 3078 1418 3129 memorata
1452 3065 1551 3129 sancti

278 3190 293 3218 «
311 3163 482 3234 Ambrosii,
500 3174 641 3243 ternpore
664 3183 729 3242 quo
749 3163 898 3225 dominus
923 3162 1002 3225 Milo
1018 3175 1085 3226 erat
1101 3164 1386 3245 Archiepiscopus:
1410 3175 1441 3226 et
1457 3185 1552 3246 quern

280 3287 296 3316 a
313 3263 501 3324 Anselmum
525 3261 592 3341 ipse
616 3261 766 3323 dominus
790 3261 869 3323 Milo
886 3261 996 3325 volens
1018 3262 1146 3326 titulare
1166 3263 1267 3325 facere
1284 3263 1409 3326 licentia
1433 3285 1499 3334 sua,
1520 3263 1551 3326 in

280 3359 368 3422 «illa
389 3359 520 3423 ecclesia
537 3360 635 3422 sancti
652 3360 824 3432 Ambrosii,
843 3361 1013 3423 noluerunt
1037 3362 1105 3441 ejus
1130 3361 1257 3424 licentia
1280 3362 1408 3424 titulare
1424 3383 1554 3443 praepo-

278 3459 389 3520 «situs
411 3471 443 3521 et
465 3458 618 3531 canonici,
636 3479 694 3520 nec
710 3459 753 3520 ibi
771 3458 907 3521 titularis
932 3459 991 3522 suit
1007 3458 1087 3544 (siey.
1107 3463 1148 3523 Et
1170 3461 1246 3541 quia
1263 3460 1390 3523 interlui
1416 3461 1469 3531 ibi,
1496 3461 1550 3522 ubi

279 3581 295 3612 «
311 3557 460 3620 dominus
487 3557 764 3637 ArchiepiscopuS,
789 3557 845 3638 qui
870 3559 966 3620 modo
989 3570 1045 3628 est,
1070 3559 1231 3622 canonicis
1265 3559 1365 3621 sancti
1391 3559 1552 3621 Ambrosii

279 3656 400 3728 «dixit,
425 3667 461 3717 ut
484 3655 682 3736 praepositus
705 3656 804 3718 sancti
829 3656 990 3719 Ambrosii
1015 3657 1156 3720 titularet
1179 3669 1210 3720 et
1233 3658 1351 3720 titulari
1377 3658 1491 3721 laceret
1513 3658 1554 3720 de

279 3779 296 3810 «
315 3754 441 3817 licentia
463 3775 538 3816 sua:
562 3765 593 3816 et
617 3753 676 3834 ipsi
694 3754 837 3817 nolentes
860 3755 921 3818 hoc
945 3756 1055 3828 facere,
1080 3756 1210 3818 demum
1228 3757 1427 3837 praepositus
1444 3758 1555 3819 Petrus

279 3879 294 3906 a
311 3873 368 3916 sua
390 3852 576 3916 auctoritate
599 3866 630 3915 et
646 3873 709 3915 non
734 3854 774 3915 de
789 3853 916 3917 licentia
932 3855 1183 3936 Archiepiscopi,
1208 3856 1264 3918 sed
1288 3855 1328 3918 ad
1349 3876 1457 3936 preces
1475 3856 1552 3936 ejus.

283 3953 466 4032 «quosdam
501 3951 686 4014 titulavit».
704 3953 881 4033 Quousque
911 3953 1075 4017 devenerit
1097 3954 1289 4036 arrogantia,
1315 3954 1369 4016 illa
1393 3956 1490 4018 verba
1513 3957 1558 4018 ad

269 4058 378 4131 preces
399 4055 469 4131 ejus
502 4051 630 4112 abunde
663 4051 873 4114 manifestant.
899 4054 992 4114 Nova
1026 4053 1240 4115 controversia
1274 4053 1356 4116 circa
1390 4075 1441 4116 an.
1471 4062 1554 4131 1289

275 4161 383 4211 exorta
405 4150 486 4210 inter
521 4149 735 4228 praepositum
760 4150 793 4212 S.
818 4151 980 4214 Ambrosii
1005 4161 1036 4212 et
1066 4152 1375 4232 archipresbyterum
1410 4153 1555 4215 decuma·

275 4267 398 4319 norum,
421 4247 484 4310 alia
506 4248 697 4310 documenta
720 4261 901 4328 suppetunt,
939 4251 1057 4331 quibus
1090 4263 1194 4313 tamen
1223 4273 1287 4313 non
1322 4264 1445 4315 constat
1478 4273 1554 4316 num

275 4345 379 4408 adhuc
408 4367 447 4407 eo
470 4359 612 4426 tempore
634 4347 745 4408 eadem
770 4347 917 4410 facultate
940 4349 1072 4429 polleret
1099 4351 1298 4430 praepositus
1320 4352 1553 4414 ambrosianus:

275 4445 409 4506 dubium
425 4444 612 4507 rationabile
624 4445 773 4525 ingerunt
786 4447 1014 4526 responsiones,
1028 4469 1110 4528 quae
1124 4448 1154 4510 in
1171 4451 1281 4511 eadem
1299 4470 1393 4512 causa
1406 4449 1556 4528 leguntur

276 4543 308 4604 in
331 4544 440 4606 charta
455 4543 574 4605 inedita
596 4545 727 4605 archivii
745 4545 969 4608 canonicorum
993 4546 1141 4609 basilicae
1157 4548 1386 4614 ambrosianae.
1415 4548 1554 4628 Quidam

276 4641 358 4704 enirn
372 4641 460 4704 testis
473 4641 698 4722 interrogatus:
720 4667 736 4700 «
755 4643 833 4706 Item
848 4645 935 4725 quod
956 4645 1154 4726 praepositus
1171 4647 1275 4710 dictae
1290 4648 1440 4710 ecclcsiae
1456 4648 1554 4712 sancti

279 4765 296 4794 «
313 4740 473 4803 Ambrosii
489 4752 619 4820 propter
640 4741 829 4822 dignitatem
854 4755 885 4806 et
908 4743 1126 4807 excellentiam
1151 4767 1241 4808 snam
1265 4748 1432 4810 consuevit
1454 4748 1556 4810 facere

280 4864 295 4892 a
311 4839 449 4912 clericos,
473 4839 592 4902 scilicet
614 4840 690 4902 dare
714 4841 848 4920 primam
873 4855 1050 4917 tonsuram:
1076 4845 1254 4925 respondit:
1272 4867 1306 4908 se
1330 4867 1392 4909 non
1417 4847 1553 4918 credere,

280 4965 296 4992 «
313 4937 373 5000 nisi
396 4937 478 5000 sicut
500 4937 553 4999 alii
578 4940 747 5019 praepositi
774 4941 957 5004 Mediolani.
983 4977 1027 4992 -
1053 4945 1131 5006 Item
1148 4945 1236 5024 quod
1260 4945 1313 5007 alii
1339 4946 1469 5027 praelati
1492 4967 1556 5010 sae·

280 5061 296 5090 «
312 5036 434 5099 culares
455 5036 657 5098 ecclesiarum
681 5039 818 5100 clvitatis
842 5041 1018 5104 Mediolani
1036 5063 1100 5105 non
1124 5059 1357 5109 consueverunt
1375 5046 1475 5108 iacere
1498 5046 1557 5109 cle-

280 5159 296 5192 «
314 5136 394 5198 ricos
417 5135 536 5198 scilicet
550 5135 626 5198 dare
642 5135 775 5216 primam
793 5149 970 5214 tonsuram;
988 5143 1165 5223 respondit:
1187 5145 1283 5224 Quod
1303 5145 1557 5226 archipresbyter
