4084 6128
445 533 556 585 ORDO
578 533 631 585 DE
650 532 790 586 SACRIS
809 533 1032 587 ORDINIBUS
1053 533 1350 587 BENEDICENDIS
1466 593 1468 598 ⁸
1504 549 1535 598 ,μ

259 797 301 852 ut
318 806 430 877 super
447 779 618 880 hunclos]
641 777 891 878 famulumlos]
914 777 1109 879 suumlosl,
1131 777 1317 880 quem[os]
1340 781 1539 855 insacrum

257 905 425 980 ordinem
454 905 629 1002 dignatur
647 931 853 990 assumere,
885 906 1153 980 benedictionis
1176 930 1267 982 suae
1296 908 1452 1004 gratiam
1472 905 1541 980 cle·

259 1048 402 1105 menter
429 1031 607 1116 infundat,
639 1030 801 1131 eilslque
836 1032 976 1106 donum
1005 1035 1292 1108 consecrationis
1328 1033 1536 1132 indulgeat,

258 1182 326 1253 per
351 1156 452 1254 quod
481 1157 641 1259 eumlos]
672 1158 718 1232 ad
749 1159 913 1254 praemia
940 1175 1093 1233 aeterna
1120 1161 1333 1256 perducat...

368 1307 427 1357 20.
460 1285 633 1358 Oremus
666 1287 718 1357 Er
745 1285 917 1357 siraconus
944 1295 986 1357 ut
1012 1295 1141 1382 supra.
1586 1314 1600 1362 5

365 1410 519 1494 Exaudi,
553 1411 725 1493 Domine,
751 1435 878 1507 preces
907 1428 1052 1484 nostras
1062 1441 1069 1496 ;
1099 1429 1137 1485 et
1155 1437 1267 1508 super
1295 1413 1466 1514 hunclos]
1490 1415 1538 1489 sa-

257 1535 471 1635 mulumlos]
503 1534 680 1634 tuumlos]
712 1535 890 1632 Spiritum
911 1552 996 1609 tuae
1025 1537 1293 1610 benedictionis
1321 1539 1467 1612 emitte:
1498 1557 1539 1614 ut

256 1663 404 1738 caelesti
426 1688 577 1736 munere
597 1661 789 1761 ditatuslil,
807 1680 845 1735 et
865 1678 949 1735 tuae
968 1661 1124 1758 gratiam
1141 1663 1317 1763 possilnlt
1337 1665 1537 1738 maiestatis

256 1792 460 1888 adquirere,
492 1805 530 1862 et
552 1789 647 1862 bene
675 1788 821 1861 vivendi
851 1787 930 1861 aliis
959 1788 1168 1884 exemplum
1200 1790 1386 1885 praebere,
1419 1817 1494 1887 per.

367 1941 425 1989 21.
464 1916 707 1988 Consecralr'o:
1568 1949 1600 1986 10

363 2041 518 2123 Adesto,
550 2065 794 2136 quaesumuS,
826 2035 863 2129 *l
907 2040 1143 2136 omnipotens
1188 2041 1310 2126 Deus,
1354 2041 1535 2115 honorum

256 2169 379 2248 dator,
417 2166 587 2240 ordinum
623 2165 854 2250 distributor,
890 2165 1170 2262 officiorumque
1211 2166 1428 2263 dispositor:
1473 2169 1535 2266 qui

256 2295 293 2367 in
323 2313 358 2367 te
387 2317 541 2366 manens
570 2291 724 2364 innovas
747 2291 889 2376 omnia,
929 2308 966 2365 et
993 2309 1125 2364 cuncta
1153 2291 1320 2388 disponis
1354 2318 1420 2388 per
1448 2293 1534 2366 Ver·

256 2419 361 2503 bum,
399 2417 569 2490 virtutem
603 2415 898 2514 sapientiamque
933 2433 1050 2501 tuam,
1078 2415 1230 2513 Jhesum
1262 2416 1448 2490 Christum
1479 2419 1536 2492 Fi-

256 2543 343 2617 lium
373 2560 475 2616 tuum
499 2542 700 2614 Dominum
722 2558 898 2626 nostrum,
922 2541 1146 2638 sempiterna
1174 2542 1404 2638 providentia
1433 2569 1534 2640 prae·
1566 2573 1596 2622 15

256 2696 372 2766 paras,
390 2688 428 2743 et
442 2666 596 2764 singulis
616 2668 826 2764 quibusque
842 2667 1070 2764 temporibus
1089 2684 1177 2764 apta
1191 2667 1397 2764 dispensas
1418 2669 1534 2744 Cuius

255 2821 398 2892 corpuS,
430 2794 632 2868 Ecclesiam
663 2810 774 2878 tuam,
804 2792 1018 2867 caelestium
1047 2793 1247 2890 gratiarum
1275 2793 1451 2868 varietate
1479 2794 1532 2867 di·

255 2922 439 3007 stinctam,
485 2945 710 3016 suorumque
751 2945 955 2992 connexam
993 2919 1219 2992 districtione
1262 2920 1528 3006 membrorum,

255 3074 321 3144 per
347 3047 468 3145 legem
488 3044 690 3118 mirabilem
711 3046 823 3118 totius
842 3047 1034 3143 compagis
1054 3046 1205 3129 unitam,
1233 3045 1268 3118 in
1288 3062 1529 3144 augmentum

255 3172 380 3270 templi
408 3173 459 3246 tui
488 3197 650 3245 crescere
679 3169 897 3268 dilatarique
925 3171 1078 3268 largiris,
1110 3171 1201 3244 sacri
1231 3173 1392 3245 muneris
1422 3174 1530 3246 servi·
1560 3195 1595 3233 20

254 3315 368 3373 tutem
405 3298 508 3372 trinis
542 3296 719 3394 gradibus
755 3297 1003 3371 ministrorum
1020 3293 1080 3394 ll)
1111 3297 1248 3370 nomini
1277 3313 1341 3371 tuo
1376 3297 1530 3374 militare

397 3557 420 3594 1.
441 3556 541 3594 suum:
555 3557 623 3593 suos
638 3541 686 3602 N..
701 3541 734 3593 C.
749 3569 783 3578 -
796 3540 824 3594 in
839 3557 985 3596 sacrum...
1000 3559 1160 3598 assumere:
1175 3545 1212 3598 ad
1225 3545 1351 3600 officium
1364 3543 1532 3600 diaconatus
1586 3549 1592 3562 '

324 3637 469 3675 assumere
496 3618 631 3686 dignatus
659 3629 712 3674 est.
743 3623 775 3674 C.
803 3651 835 3659 —
862 3638 889 3688 3.
921 3622 1052 3677 infundat
1079 3633 1150 3680 etc.:
1181 3628 1203 3680 C
1225 3625 1309 3694 legit:
1336 3625 1475 3690 effundat,
1491 3635 1533 3681 ·et

323 3701 543 3756 consecrationis
571 3700 700 3755 indultae
725 3701 866 3767 propitius
885 3700 963 3756 dona
980 3715 1146 3769 conservet,
1173 3716 1202 3760 et
1226 3723 1326 3774 preces
1345 3715 1456 3761 nostras
1477 3707 1533 3761 cle·

325 3791 434 3837 menter
461 3780 611 3836 exaudiat:
633 3791 664 3836 ut
682 3798 757 3848 quae
777 3790 876 3837 nostro
893 3784 1022 3850 gerenda
1048 3795 1116 3840 sunt
1144 3786 1312 3853 ministerio,
1323 3805 1377 3842 suo
1391 3787 1532 3854 benignus

325 3871 512 3931 prosequatur
530 3862 651 3923 auxilio;
666 3871 695 3915 et
707 3879 781 3930 quos
800 3863 886 3916 sacris
900 3866 1042 3931 mysteriis
1055 3869 1243 3934 exequendis,
1264 3885 1316 3936 pro
1335 3877 1432 3922 nostra
1450 3869 1533 3923 intel·

327 3944 452 4010 ligantia,
473 3943 616 3997 credimus
635 3941 807 4005 oll'erendos
831 3959 884 3997 sua
902 3945 1043 4001 electione
1067 3949 1214 4016 justificet.
1236 3979 1269 3990 -
1288 3965 1315 4015 4.
1336 3951 1386 4004 sud
1411 3967 1532 4004 rasura:

324 4042 373 4091 per
384 4024 551 4078 Dominum.
573 4055 605 4062 -
622 4040 646 4088 7.
664 4033 763 4078 tuum:
778 4032 844 4078 tuos
859 4027 907 4088 N,
922 4027 955 4080 C.
976 4057 1009 4069 -
1029 4032 1055 4082 8.
1077 4039 1143 4084 tuae
1158 4031 1278 4098 gratiam
1293 4031 1431 4102 possi[n]t
1443 4031 1532 4099 maje-

323 4106 417 4159 statis:
438 4113 505 4158 tuae
524 4105 680 4171 majestatis
693 4104 812 4171 gratiam
833 4106 953 4172 possint.
974 4109 1007 4161 C.
1030 4141 1061 4148 --
1085 4127 1126 4175 14.
1153 4111 1398 4179 sapientiamque:
1419 4111 1532 4178 sapien·

322 4185 399 4240 tiam.
414 4187 447 4238 C.
465 4215 495 4224 -
512 4199 553 4250 15.
568 4201 735 4252 praeparas:
750 4201 933 4252 praeparans
948 4191 981 4242 C.
998 4219 1031 4228 -
1048 4194 1089 4244 16.
1105 4191 1244 4256 singulis:
1260 4192 1288 4246 in
1302 4192 1423 4260 singulis
1443 4194 1476 4248 C.
1497 4222 1531 4236 --

324 4275 389 4334 apta
407 4266 572 4332 dispensas:
594 4266 718 4333 aptanda
746 4265 905 4332 dispensas.
927 4271 960 4322 C.
981 4299 1015 4308 —-
1037 4285 1079 4335 17.
1109 4281 1204 4326 tuam:
1235 4272 1367 4327 videlicet
1386 4283 1475 4328 tuam.
1496 4275 1529 4328 C.

323 4378 356 4386 -
369 4347 518 4400 varietate:
534 4347 564 4399 in
572 4347 635 4412 sine
649 4347 726 4400 vocis
739 4347 841 4400 abrasa
856 4365 894 4402 m.
910 4379 944 4390 -
966 4355 1008 4404 18.
1029 4351 1221 4408 districtione:
1240 4353 1433 4410 distinctione.
1448 4357 1481 4410 C.
1497 4383 1530 4394 -

325 4445 366 4494 19.
386 4427 550 4494 compagis:
570 4445 647 4482 corr.
668 4443 707 4482 ea·
726 4429 874 4496 conpagis.
889 4459 921 4470 -
938 4448 980 4484 20.
997 4432 1122 4500 largiris:
1143 4433 1281 4501 digneris.
1302 4437 1335 4490 C.

299 4667 347 4708 20.
372 4645 451 4706 Ord.
477 4646 570 4706 Rom.
600 4667 669 4711 101.
697 4648 780 4708 Men.
801 4669 873 4724 223,
893 4653 974 4713 Mur.
994 4673 1067 4731 4²5·
1086 4655 1182 4716 Gerb.
1202 4677 1253 4733 40,
1273 4657 1365 4719 Mart.
1391 4657 1469 4720 Orrl.
1489 4658 1528 4730 Il,

254 4746 310 4812 lll,
334 4745 373 4810 V.
399 4744 455 4804 VI.

299 4863 348 4904 21.
372 4843 451 4903 Ord.
479 4843 569 4902 Rom.
601 4863 670 4909 101,
697 4844 793 4906 Leon.
819 4867 894 4923 423,
919 4849 988 4910 Gcl.
1016 4872 1078 4928 515
1111 4855 1190 4924 (ab),
1221 4854 1306 4919 Men.
1338 4875 1411 4931 223,
1447 4857 1528 4918 Mur.

253 4963 325 5018 410,
357 4961 431 5018 424.
459 4940 545 5000 lliss,
573 4941 684 5003 Franc.
711 4948 784 5020 664,
810 4945 905 5008 (icrb.
933 4969 984 5024 40,
1012 4951 1106 5016 Mart.
1135 4951 1213 5013 (lrd.
1247 4952 1285 5018 ll.
1320 4953 1377 5026 lll,
1405 4955 1459 5026 IV,
1490 4955 1528 5026 V,

251 5041 307 5100 Vl.
352 5036 386 5115 *)
410 5038 488 5099 Ord.
526 5039 617 5100 Rom.
655 5040 737 5102 hanc
764 5046 1031 5108 consecrationem
1069 5049 1180 5128 incipit
1215 5051 1380 5114 absolute:
1412 5055 1529 5114 (bruri-

245 5146 354 5220 potens
377 5140 475 5206 Deus,
501 5147 581 5200 ete:
629 5135 682 5217 *ἢ
700 5141 814 5202 Nonne
839 5143 890 5204 lric
913 5145 1134 5226 antiquitatem
1165 5149 1260 5212 liuius
1287 5151 1440 5214 orationis
1461 5171 1529 5230 pro·

1406 5311 1419 5352 6
