4084 6128
612 1559 1190 1702 PRAEFATIO

371 2361 422 2432 th
438 2360 527 2431 scite
543 2384 662 2430 rerum
682 2357 930 2454 liturgicarum
950 2356 1108 2430 cultores
1129 2375 1313 2442 notarunt,
1337 2383 1539 2454 numquam

261 2487 309 2557 <le
338 2484 586 2556 Ambrosiano
617 2483 683 2555 ritu
714 2501 812 2555 recte
840 2482 1035 2578 disceptari
1057 2483 1201 2578 poterit,
1226 2483 1292 2554 nisi
1322 2483 1463 2580 antiqui
1483 2509 1540 2556 co-

261 2611 361 2682 dices
381 2609 577 2706 diligenter
597 2609 880 2705 investigentur;
902 2609 1003 2705 quod
1019 2607 1210 2705 hucusque
1226 2607 1302 2681 fieri
1319 2634 1393 2681 non
1408 2610 1538 2704 potuit.

261 2735 517 2807 deficientibus
536 2735 583 2807 ad
603 2760 798 2807 commune
823 2733 1058 2806 commodum
1088 2733 1313 2806 editionibus
1341 2735 1483 2808 criticis
1505 2733 1540 2818 *l

263 2862 311 2933 lit
324 2885 459 2938 revera.
479 2876 519 2932 ut
539 2877 678 2933 taceam
694 2860 740 2931 de
764 2860 1017 2932 Monumentis
1037 2860 1279 2932 ambrosianis
1299 2887 1320 2933 a
1338 2862 1541 2935 muratorio

261 2987 379 3066 editis,
402 3013 484 3058 cum
505 2987 661 3083 deipsis
684 2985 913 3058 llollandiani
933 3012 1055 3083 aequo
1076 2985 1209 3058 iudicio
1230 2987 1422 3082 (Analecta
1444 2988 1539 3061 Ball.

260 3138 319 3184 an.
348 3116 443 3202 1895
466 3137 552 3206 pag.
578 3121 667 3201 323)
698 3138 801 3184 suam
826 3112 1046 3183 sententiam
1069 3113 1139 3184 iam
1170 3111 1396 3207 protulerint,
1421 3114 1469 3185 ita
1499 3131 1537 3186 ut

262 3264 381 3311 meam
411 3239 641 3310 recusionem
677 3237 829 3308 (aalma
858 3237 1099 3309 simbronae·
1126 3238 1280 3309 lleroldr'
1305 3239 1542 3311 commenda-

262 3380 352 3448 rent,
378 3364 407 3435 si
438 3363 610 3435 editionis
630 3363 923 3433 Sarramcalaria'
947 3363 1189 3435 Arrzdrasr'am'
1213 3363 1312 3458 apud
1338 3363 1540 3435 Pamrliam

262 3493 296 3562 in
331 3514 443 3584 opere
475 3489 694 3581 Lt'largt‘aan
724 3489 952 3562 Lalr'rtaram.
983 3488 1147 3559 &laneae
1166 3489 1404 3583 Agrippinae
1430 3509 1539 3580 1571,

261 3632 349 3689 tom.
373 3615 399 3698 l,
422 3640 443 3686 a
463 3639 549 3710 pag.
576 3637 622 3702 29
629 3635 648 3703 3
672 3613 718 3684 ad
740 3633 827 3703 457,
860 3613 1106 3707 conspiciatur
1129 3613 1316 3707 specimen
1346 3611 1544 3709 diligenter

261 3766 283 3812 a
310 3739 352 3812 cl.
385 3741 460 3811 DJe
480 3739 646 3810 Antonio
679 3737 825 3810 Ceriani
859 3736 1107 3808 examinatum
1142 3737 1177 3809 in
1208 3763 1274 3810 sua
1304 3739 1446 3810 Naliaiz
1476 3741 1544 3811 Lr'·

260 3866 408 3958 lamnae
426 3864 694 3935 slmbrasz'anae
712 3873 795 3933 aule
813 3889 901 3934 racc.
928 3861 997 3932 Χ]
1014 3863 1182 3934 irradiata.
1205 3863 1412 3934 illedralaaz'
1431 3865 1536 3958 1895,

262 3989 445 4062 constabit
465 4015 576 4085 quam
606 3988 781 4060 deficiens
802 3987 980 4060 hacteuus
1006 3987 1114 4059 luerit
1142 4005 1341 4082 apparatus
1370 3988 1542 4062 editionis

261 4135 585 4189 monumentorum
606 4115 775 4212 liturgiae
795 4114 971 4186 ecclesiae
993 4133 1156 4194 nostrae;
1180 4115 1229 4186 ita
1247 4130 1288 4186 ut
1310 4115 1358 4186 ad
1378 4115 1539 4188 studium

258 4240 437 4313 cultorum
469 4241 614 4312 nonnisi
644 4240 826 4312 editiones
856 4239 1059 4316 manuales.
1093 4256 1133 4311 ut
1162 4240 1211 4311 ita
1239 4239 1373 4321 dicam,
1407 4264 1540 4335 nempe

260 4367 339 4438 usui
364 4364 544 4438 hodierno
563 4383 723 4460 aptatae,
756 4382 904 4460 praesto
928 4365 1010 4448 sint,
1033 4391 1115 4436 cum
1144 4381 1288 4436 veteres
1317 4365 1463 4437 codices
1482 4366 1538 4438 vel

258 4491 387 4564 saltem
416 4491 599 4563 editiones
629 4492 780 4563 omnino
809 4491 945 4562 desint:
976 4490 1076 4562 unde
1106 4515 1179 4560 non
1206 4489 1412 4561 mirandum
1437 4492 1537 4588 quod

258 4633 312 4689 tot
339 4617 542 4689 sententias
562 4616 609 4688 de
629 4616 772 4711 origine
792 4633 829 4688 et
859 4631 987 4686 natura
1008 4614 1120 4686 nostri
1142 4615 1231 4685 ritus
1251 4631 1420 4686 auctores
1442 4641 1539 4689 com-

278 4817 347 4824 ψ.-.-
356 4819 399 4824 ..—
421 4820 434 4824 -.
446 4820 479 4826 —-

326 4927 353 4994 ¹³³)
374 4929 436 4979 Ru.
461 4929 513 4980 l'l'.
535 4932 570 4978 l).
592 4929 623 4978 S,
648 4928 677 4978 ll.
698 4925 937 4989 Curiga-gationis
958 4928 987 4976 δ’.
1011 4924 1082 4976 l‘etri
1104 4924 1140 4976 de
1154 4925 1291 4978 Solesmis
1311 4927 1398 4980 modo
1418 4927 1536 4994 polliciti

256 5025 321 5068 sunt
346 5016 507 5069 absolutam
534 5015 664 5068 omnium
691 5015 821 5068 codicum
848 5013 1021 5064 ambrosiani
1048 5013 1117 5065 ritus
1143 5013 1299 5068 editionem
1325 5017 1469 5070 edendam
1494 5017 1533 5070 uti

257 5105 427 5158 Auctarium
439 5106 626 5172 Patrologiae
637 5105 757 5156 Laliaae
776 5105 810 5156 cl.
828 5103 935 5167 lligue.
952 5101 998 5170 ccl.
1026 5103 1231 5168 l'aleogmpliie
1252 5107 1389 5160 Musicale
1410 5115 1480 5160 tom.
1498 5109 1534 5162 l'.

256 5191 304 5247 sol.
324 5210 351 5260 4,
374 5212 402 5248 n.
423 5211 449 5262 4.
473 5227 504 5234 —
525 5195 669 5248 Solesmes
692 5197 781 5262 1896).
