4084 6128
472 541 582 595 ORDO
603 539 1056 594 DESACR1SORD1NIBt's
1077 537 1374 593 BENEDICENDIS
1528 551 1561 600 53

285 811 395 870 mam,
432 803 471 859 et
501 786 728 860 ornamentis
763 787 875 860 totius
912 785 1188 884 glorificationis
1219 786 1434 861 instructum
1468 811 1563 860 cae-

284 911 385 985 lestis
422 913 603 1010 unguenti
642 912 730 985 flore
768 913 964 987 sanctifica.
999 914 1092 999 Hoc,
1131 913 1304 998 Domine,
1348 914 1499 1012 copiose
1527 914 1563 986 in

285 1040 364 1112 eius
396 1057 508 1135 caput
536 1039 674 1113 influat.
713 1041 796 1113 lloc
833 1041 869 1113 in
898 1041 971 1113 oris
1001 1040 1166 1113 subiecta
1202 1040 1382 1114 decurrat.
1415 1041 1499 1114 Hoc
1528 1041 1563 1114 in

285 1165 396 1238 totius
423 1166 587 1263 corporis
615 1182 780 1240 extrema
807 1166 1024 1252 descendat;
1055 1183 1095 1240 ut
1123 1167 1173 1240 tui
1204 1166 1363 1262 Spiritus
1391 1167 1505 1240 virtus
1527 1184 1566 1240 et

285 1291 456 1364 interiora
483 1291 563 1364 eius
593 1291 741 1390 repleat.
774 1310 811 1367 et
839 1293 1019 1366 exteriora
1047 1293 1298 1390 circumtegat.
1329 1292 1509 1366 Abundet
1528 1295 1563 1366 in
1613 1323 1627 1372 s

286 1443 332 1491 eo
361 1418 568 1491 constantia
596 1417 691 1502 fidei,
724 1419 863 1514 puritas
891 1418 1106 1504 dilectionis,
1133 1418 1322 1492 sinceritas
1352 1419 1462 1515 pacis
1489 1419 1566 1492 Tri-

286 1543 379 1616 buas
402 1543 434 1616 ei
467 1545 513 1616 N.
544 1543 755 1618 cathedram
784 1544 1031 1642 episcopalem
1061 1545 1107 1618 ad
1137 1545 1339 1642 regendam
1374 1543 1565 1617 ecclesiam

286 1685 385 1742 tuam
421 1685 458 1742 et
493 1668 639 1767 plebem
672 1671 892 1744 universam.
929 1671 990 1743 Sis
1025 1672 1058 1744 ei
1093 1671 1307 1756 auctoritaS,
1346 1671 1396 1742 sis
1438 1671 1470 1743 ei
1505 1670 1564 1743 fir-

288 1795 406 1878 mitas,
446 1796 497 1868 sis
532 1812 709 1892 potestas.
749 1795 972 1893 Multiplices
1007 1823 1119 1893 super
1150 1823 1235 1869 eum
1268 1796 1565 1870 benedictionem

286 1939 325 1996 et
341 1924 497 2019 gratiam
527 1939 643 1996 tuam:
674 1939 714 1995 ut
733 1922 780 1996 ad
799 1923 1027 1996 exorandum
1057 1922 1343 1996 misericordiam
1363 1939 1474 2008 tuam,
1500 1938 1565 1995 tuo
1598 1949 1629 1984 10

287 2073 438 2120 munere
467 2073 614 2144 semper
633 2048 800 2134 idoneus,
826 2066 889 2122 tua
917 2051 1037 2147 gratia
1056 2050 1174 2145 possit
1193 2075 1277 2122 esse
1297 2049 1464 2134 devotus,
1487 2073 1564 2145 per.

396 2194 458 2266 45.
489 2174 543 2246 Et
557 2174 704 2269 sirndal
725 2175 838 2246 oleum
856 2185 968 2272 super
987 2186 1097 2272 capul
1120 2177 1198 2248 eius
1216 2176 1254 2247 in
1283 2175 1426 2248 modum
1450 2177 1567 2247 crucis

287 2301 421 2374 dr'ccns:

397 2427 438 2501 ln
463 2425 611 2500 nomine
643 2427 769 2514 Patris,
801 2445 838 2502 et
868 2427 959 2513 Filii,
991 2444 1029 2502 et
1057 2427 1217 2524 Spiritus
1246 2427 1383 2512 Sancti,
1415 2453 1567 2526 ungueo

291 2570 327 2628 te
357 2554 391 2628 in
420 2555 649 2628 sacerdotem
680 2579 856 2652 magnum
885 2554 932 2626 ad
962 2554 1164 2651 regendam
1193 2552 1384 2627 ecclesiam
1416 2555 1499 2640 Dei,
1530 2573 1569 2629 et
1600 2586 1631 2635 15

292 2679 438 2777 plebem
467 2681 686 2754 universam.

398 2814 459 2899 46.
491 2809 543 2879 Er
568 2807 628 2880 del
654 2807 812 2878 osculum
840 2806 1050 2878 ordzizalori
1073 2814 1108 2877 el
1133 2808 1256 2878 celeris
1282 2807 1462 2904 episcopii.

399 2953 461 3025 47.
492 2934 613 3030 Super
640 2933 777 3006 oblata:
809 2933 913 3006 llaec
942 2930 1077 3018 hostia,
1112 2932 1291 3018 Domine,
1330 2959 1567 3030 quaesumus,

292 3059 468 3132 emundet
497 3075 622 3133 nostra
641 3058 791 3134 delicta:
830 3075 868 3132 et
901 3057 1116 3132 sacrificium
1153 3057 1415 3132 celebrandum
1448 3060 1571 3132 subdi·

294 3201 410 3258 torum
450 3187 513 3259 tibi
551 3211 705 3284 corpora
733 3203 952 3283 mentesque
982 3184 1193 3271 sanctificet,
1225 3211 1302 3282 per.
1599 3208 1631 3243 20

398 3317 459 3405 48.
490 3313 602 3410 Infra
631 3315 822 3386 acteonem:
853 3312 961 3386 Hanc
991 3312 1102 3409 igitur
1129 3311 1355 3386 oblationem
1385 3312 1569 3386 servitutis

295 3453 449 3524 nostrae,
481 3438 548 3512 sed
576 3456 614 3513 ct
637 3457 790 3513 cunctae
820 3438 977 3512 familiae
1007 3455 1102 3524 tuae,
1134 3464 1246 3535 quam
1276 3438 1339 3512 tibi
1369 3439 1566 3523 offerimus

293 3565 401 3637 etiam
424 3593 490 3663 pro
520 3564 658 3641 famulo
687 3581 789 3639 tu0...
820 3564 998 3662 quemad
1027 3565 1264 3661 episcopatus
1293 3564 1459 3639 ordinem
1489 3592 1572 3662 pro·

294 3715 439 3766 movere
472 3693 647 3791 dignatus
681 3719 739 3780 es;
775 3718 1011 3790 quaesumus
1045 3691 1218 3778 Domine,
1250 3709 1291 3766 ut
1318 3691 1482 3789 placatus
1510 3720 1572 3767 ac-

436 3959 461 3998 2.
482 3945 641 4000 sanctifica:
666 3945 696 3998 C.
710 3943 763 3996 Iroc
781 3942 841 3994 loco
861 3940 953 3994 addit:
977 3941 1036 3994 Hic
1054 3941 1218 3996 mittendum
1237 3946 1280 3996 est
1296 3943 1422 3997 chrisma
1442 3943 1471 3996 in
1490 3946 1574 4012 caput

363 4024 499 4093 episcopi:
520 4028 674 4094 Unguatur
692 4033 720 4078 et
739 4030 920 4076 consecretur
944 4031 1030 4088 caput
1058 4031 1138 4075 tuum
1167 4023 1281 4077 caelesti
1311 4023 1519 4086 benedictione,
1541 4024 1570 4077 in

364 4105 464 4160 ordine
484 4107 650 4174 pontificali,
672 4107 701 4159 in
720 4103 838 4158 nomine
859 4101 958 4164 Patris,
974 4112 1003 4156 et
1016 4103 1091 4164 Filii,
1112 4113 1141 4156 et
1159 4103 1282 4171 Spiritus
1301 4105 1408 4160 Sancti.
1431 4108 1488 4159 Pmr
1507 4104 1569 4159 tibi.

365 4187 484 4242 Etcum
503 4188 603 4254 spiritu
623 4197 684 4242 tuo.
707 4187 773 4238 Hoc
796 4182 930 4246 Domine,
951 4191 1005 4236 etc.
1033 4184 1093 4251 (cfr.
1120 4185 1211 4238 Mart.
1235 4185 1305 4240 Ord.
1336 4187 1423 4250 VIII,
1442 4189 1480 4249 X,
1502 4187 1570 4247 etc.)

365 4297 397 4306 -
415 4271 442 4322 6.
464 4269 551 4336 pacis.
581 4269 720 4323 Tribuas:
742 4268 775 4320 C.
802 4266 937 4318 nonnulla
966 4264 1133 4332 ireterpolul:
1152 4266 1239 4331 pacis.
1269 4267 1332 4321 Sint
1359 4269 1480 4334 speciosi
1509 4285 1571 4322 mu·

364 4365 430 4402 nere
449 4357 501 4403 tuo
520 4349 618 4417 pedes,
648 4357 726 4402 etc...
756 4349 800 4414 (ut
817 4345 846 4398 in
869 4345 938 4399 Ord.
959 4345 1018 4408 IV,
1044 4345 1070 4398 l'
1088 4351 1116 4400 el
1132 4347 1200 4399 aliis
1227 4349 1304 4415 apred
1319 4348 1462 4418 Martem)
1487 4367 1572 4418 rupta

364 4431 401 4484 ad
418 4429 518 4484 verba:
531 4438 562 4484 ut
575 4431 698 4484 fructum
717 4428 754 4481 de
773 4425 901 4494 prosectu
914 4425 1044 4478 omnium
1064 4437 1264 4494 consequatur.
1285 4429 1417 4485 Tribuas.
1433 4461 1466 4470 -
1485 4434 1511 4484 8.
1533 4431 1571 4484 sis

364 4510 389 4563 ei
409 4510 537 4573 firmitas,
552 4511 591 4565 sis
607 4519 747 4578 potestas:
767 4509 796 4561 C.
811 4505 898 4574 legit:
910 4505 949 4557 sis
960 4505 986 4558 ei
1000 4517 1136 4574 potestas
1151 4509 1190 4562 sis
1210 4509 1327 4562 firmitas
1346 4510 1382 4564 ei.
1397 4540 1432 4550 -
1448 4527 1489 4564 10.
1504 4528 1572 4565 exo-

364 4591 501 4646 randum:
517 4591 702 4646 exorandam.
717 4592 750 4645 C.
773 4620 804 4628 —
824 4596 875 4640 tuo
895 4603 1013 4640 munere
1032 4605 1159 4656 semper:
1180 4607 1294 4657 semper
1312 4599 1364 4645 tuo
1386 4609 1514 4646 munere.
1536 4594 1569 4648 C.

364 4701 392 4710 —
417 4688 461 4738 23.
476 4675 545 4740 post
561 4681 612 4727 tuo
630 4673 731 4726 lacuna
745 4675 803 4738 pro
821 4667 906 4734 signo
926 4669 963 4721 N.

340 4911 390 4972 45.
415 4893 494 4954 Ord.
520 4894 614 4956 Rom.
644 4913 714 4954 111.

339 4998 391 5070 46.
416 4992 495 5053 Ord.
522 4993 614 5052 Rom.
645 5011 714 5052 112.

339 5111 390 5169 47.
417 5093 503 5154 Men.
530 5095 602 5161 226,
630 5090 712 5150 Mur.
742 5094 811 5161 roo,
838 5095 912 5167 358,
937 5087 1034 5151 Gerb.
1065 5107 1116 5164 42,
1152 5087 1244 5149 Mart.
1263 5089 1341 5150 Ord.
1368 5090 1408 5160 ll,
1433 5091 1488 5152 Vl.

339 5197 390 5266 48.
416 5189 496 5253 Ord.
521 5190 613 5249 Rom.
644 5207 713 5258 111,
740 5189 836 5248 Leon.
862 5207 936 5264 421,
963 5187 1047 5247 Men.
1076 5191 1147 5256 226,
1174 5187 1256 5248 Mur.
1282 5195 1356 5264 358,
1382 5210 1455 5267 442,
1483 5189 1570 5254 Miss.

298 5287 406 5354 Franc,
433 5293 506 5366 673,
532 5285 627 5350 Gerb.
653 5305 704 5363 42,
732 5287 824 5348 Mart.
850 5285 928 5346 Ord.
960 5284 999 5354 ll,
1024 5285 1082 5348 VI.
