4078 6126
507 534 541 584 88
907 537 1052 591 PONTIF
1055 539 1173 593 ICALE
1197 541 1307 594 SAEC.
1336 541 1387 594 IX.

1582 655 1708 664 ——0——
1711 659 1782 668 -.

569 783 896 858 BENEDICTIO
928 785 982 857 IN
1014 785 1389 860 DEDICATIONE
1418 787 1723 863 ECCLESIAE.

615 931 648 1000 3.
670 909 920 1006 Omnipotens
940 909 1057 996 Deus,
1078 911 1141 1006 qui
1163 936 1228 984 vos
1247 910 1425 985 hodierna
1443 911 1503 986 die
1522 911 1570 985 ad
1589 911 1786 988 dedicatio·

505 1062 590 1110 nem
628 1037 732 1110 istius
766 1034 872 1110 aulae
906 1035 1082 1133 dignatus
1117 1053 1175 1110 est
1208 1036 1390 1123 adunare,
1422 1039 1501 1134 ipse
1533 1063 1601 1110 vos
1635 1038 1782 1114 caelesti

504 1162 762 1237 benedictione
790 1162 965 1260 dignetur
990 1160 1226 1259 locupletare.
1258 1165 1388 1238 Amen.

459 1326 474 1376 5
614 1288 879 1386 Concedatque
897 1287 1003 1361 vobis
1026 1286 1102 1361 fieri
1131 1288 1310 1386 templum
1330 1316 1448 1376 suum,
1471 1307 1509 1365 et
1537 1291 1782 1366 habitaculum

503 1417 663 1515 Spiritus
682 1415 808 1500 sancti,
826 1415 888 1510 qui
907 1414 1094 1510 proprium
1117 1414 1248 1487 Filium
1269 1442 1376 1489 suum
1399 1417 1601 1490 Dominum
1619 1433 1782 1491 nostrum

498 1543 650 1642 Jhesum
681 1540 868 1614 Christum
897 1566 964 1636 pro
992 1541 1098 1614 vobis
1126 1540 1240 1639 elegit
1268 1541 1458 1616 immolari.
1488 1547 1621 1618 Amen.

610 1669 806 1764 Quatenus
822 1683 944 1742 mente
967 1685 1005 1742 et
1023 1693 1176 1764 corpore
1197 1667 1374 1764 purificati
1395 1667 1637 1744 habitatorem
1660 1672 1781 1744 Deum

503 1797 539 1869 in
567 1795 840 1892 vobismetipsis
869 1820 1016 1891 semper
1043 1793 1180 1868 habere
1208 1795 1375 1891 possitis;
1405 1812 1443 1869 et
1470 1813 1643 1871 aeternae
1671 1797 1783 1870 beati-

442 1949 474 1986 ιο
502 1923 639 1996 tudinis
667 1921 909 1996 hereditatem
938 1946 1021 1994 cum
1040 1919 1176 1994 sanctis
1204 1936 1242 1994 et
1270 1919 1395 1995 electis
1415 1922 1494 1994 eius
1514 1922 1706 2019 possidere
1724 1947 1783 1996 va-

502 2047 618 2122 leatis,
648 2048 780 2120 Amen.

600 2173 722 2290 ’Quod
752 2175 831 2270 ipse
859 2189 1024 2269 prestare
1053 2173 1237 2270 dignetur.

504 2363 831 2437 BENEDICTIO
867 2363 1104 2436 VESTIUM
1139 2361 1376 2436 VlRGlNlS
1413 2363 1480 2435 ET
1508 2358 1779 2456 vluumffl)

609 2567 644 2635 4.
676 2543 793 2626 Deus,
824 2542 886 2640 qui
912 2541 1172 2615 vestimentum
1191 2523 1361 2628 salutar'e,
1382 2559 1421 2616 et
1444 2541 1700 2615 indumentum
1720 2565 1778 2614 ae-

441 2709 471 2759 15
501 2687 627 2744 ternae
648 2669 882 2743 iocunditatis
901 2669 973 2741 tuis
994 2667 1164 2742 fidelibus
1183 2669 1393 2766 promisisti,
1415 2668 1648 2743 clementiam
1677 2685 1777 2742 tuam

500 2795 712 2893 suppliciter
731 2819 942 2868 exoramus:
964 2808 1005 2866 ut
1029 2793 1120 2868 haec
1146 2794 1363 2869 indumenta
1385 2794 1627 2869 humilitatem
1646 2794 1776 2880 cordis

500 2938 538 2995 et
565 2935 817 3017 contemptum
845 2917 972 2991 mundi
1002 2918 1257 3016 significantia,
1288 2921 1423 3017 quibus
1459 2918 1595 2994 famula
1625 2936 1688 2993 tua
1716 2919 1775 2993 illa

500 3063 628 3121 sancto
656 3045 845 3119 visibiliter
872 3061 929 3118 est
957 3043 1189 3119 informanda
1217 3046 1418 3142 proposito
1449 3045 1630 3142 propitius
1658 3045 1777 3118 bene-

500 3174 610 3259 dicas
641 3189 680 3246 et
706 3173 838 3246 beatae
867 3170 1044 3244 castitatis
1073 3171 1249 3257 habitum,
1281 3197 1392 3268 quem
1422 3189 1459 3246 te
1487 3171 1690 3268 inspirante
1718 3197 1775 3244 su-

439 3345 472 3382 20
500 3303 667 3399 sceperit,
699 3317 736 3374 te
764 3313 986 3395 protegente
1014 3298 1207 3384 custodiat,
1238 3322 1314 3394 per.

608 3447 640 3520 5.
672 3426 784 3499 Alea:
804 3424 910 3497 Deus
928 3422 1108 3496 bonarum
1132 3423 1305 3496 virtutum
1334 3423 1450 3508 dator,
1472 3439 1511 3496 et
1529 3423 1694 3496 omnium
1719 3424 1781 3496 be·

500 3553 748 3626 nedictionum
776 3549 901 3648 largus
931 3549 1081 3634 infusor,
1113 3549 1245 3621 exaudi
1275 3575 1404 3646 preces
1433 3564 1588 3634 nostras,
1619 3564 1658 3620 et
1685 3547 1779 3621 hanc

498 3694 649 3764 vestem,
681 3701 792 3775 quam
823 3674 958 3748 famula
978 3691 1041 3747 tua
1064 3673 1124 3748 illa
1146 3700 1214 3770 pro
1233 3674 1508 3749 conservandae
1527 3673 1706 3748 castitatis
1730 3676 1780 3747 si-

498 3828 576 3901 gno
603 3802 651 3878 ad
679 3800 921 3899 operiendum
950 3800 1127 3897 exposcit,
1158 3799 1378 3876 benedicere
1404 3817 1441 3874 et
1474 3799 1700 3874 sanctificare
1728 3799 1764 3873 di

438 3978 470 4028 25
498 3929 636 4027 gneriS,
666 3954 743 4026 per.

498 4182 613 4223 nonem
637 4159 870 4240 Gregorianum
888 4159 919 4219 in
943 4157 1083 4220 Ecclesia
1104 4169 1220 4228 nostra,
1239 4170 1294 4220 aut
1317 4179 1479 4240 nunquam
1498 4160 1648 4222 usitatum
1673 4160 1778 4232 fuisse,

498 4271 553 4322 aut
575 4259 601 4322 si
626 4258 764 4339 quando,
789 4258 876 4318 brevi
902 4269 1044 4336 tempore
1067 4254 1263 4317 derelictum.

544 4378 573 4435 3.
600 4359 682 4419 Mur.
708 4363 771 4434 488
796 4368 828 4417 et
851 4362 924 4433 489.

542 4453 574 4540 *)
600 4457 670 4518 Hae
692 4455 775 4516 duae
797 4453 955 4516 orationes
978 4474 1050 4515 cum
1074 4474 1138 4533 seq.
1164 4453 1276 4517 bened.
1301 4453 1412 4515 eadem
1434 4477 1494 4516 ma.
1520 4467 1664 4517 exaratae
1687 4467 1778 4518 sunt:

499 4555 578 4618 sorte
593 4575 692 4616 unum
704 4553 905 4633 eundemque
920 4553 1065 4614 ordinem
1078 4551 1326 4625 constituebant;
1340 4563 1423 4615 certe
1435 4575 1453 4614 a
1466 4554 1562 4634 Greg.
1577 4551 1685 4638 (Mun,
1702 4554 1721 4616 l.
1738 4553 1780 4639 c.)

498 4666 572 4716 sunt
594 4674 666 4715 cum
691 4673 756 4733 seq.
782 4652 893 4714 bened.
918 4653 1114 4730 desumptae.

543 4773 572 4830 4.
599 4753 681 4813 Mur.
711 4759 780 4828 183,
805 4750 900 4811 Gerb.
931 4769 1000 4826 103,
1026 4747 1092 4834 (csr.
1120 4749 1203 4808 Men.
1233 4750 1315 4826 167).

546 4870 574 4928 5.
601 4851 684 4911 Men.
715 4855 785 4928 167,
812 4849 894 4909 Mur.
924 4856 994 4926 184,
1020 4847 1115 4909 Gerb.
1142 4865 1193 4924 95,
1224 4865 1293 4922 103.
