4078 6126
372 507 384 558 I
405 506 528 570 ORDO,
550 505 602 560 EX
621 505 770 561 CODICE
790 507 1133 563 METROPOLITANO
1152 507 1261 562 SAEC.
1282 507 1334 564 XL
1441 487 1514 575 '115¹

216 771 296 830 tens
315 757 436 844 Pater,
465 775 504 832 ut
523 784 590 855 per
612 758 721 832 huius
740 775 929 833 creaturae
949 760 1214 858 pinguedinem
1233 759 1330 832 hunc
1349 783 1494 832 servum

215 899 316 954 tuum
346 881 394 955 ill.
425 883 653 957 sanctificare
682 899 746 958 tua
773 884 1032 958 benedictione
1060 885 1242 982 digneris;
1271 909 1432 981 eumque
1459 884 1494 956 in

215 1005 492 1082 similitudinem
520 1007 715 1082 columbae
737 1033 867 1105 pacem
888 1009 1129 1106 simplicitatis
1157 1008 1296 1107 populo
1323 1008 1392 1082 sibi
1413 1010 1496 1082 sub-

216 1133 292 1206 dito
321 1151 522 1231 praestare,
544 1150 582 1209 et
601 1134 772 1232 exempla
800 1135 927 1209 Aaron
958 1137 993 1208 in
1024 1137 1097 1209 Dei
1126 1135 1272 1209 servitio
1300 1133 1497 1232 diligenter

215 1258 355 1346 imitari,
388 1261 570 1358 regnique
592 1261 751 1359 vestigia
779 1261 951 1342 consiliis.
983 1262 1135 1335 scientia
1162 1278 1200 1334 et
1227 1261 1413 1359 aequitate
1441 1262 1497 1333 iu·
1524 1303 1539 1353 5

214 1385 289 1458 ditii
319 1411 469 1483 semper
500 1387 666 1483 assequi;
696 1385 913 1483 vultumque
948 1386 1162 1461 humilitatis
1198 1411 1264 1497 per
1298 1384 1391 1459 hanc
1423 1385 1494 1459 olei

214 1513 426 1586 unctionem
446 1529 483 1586 te
503 1512 703 1587 adiuvante
723 1514 836 1587 totius
857 1513 977 1610 plebis
1006 1531 1173 1610 paratum
1202 1512 1338 1588 habere
1367 1512 1492 1586 facias:

217 1637 285 1710 Per
314 1638 520 1711 Dominum
550 1655 728 1712 nostrum.

588 1763 747 1836 Coronae
773 1763 914 1858 regalis
941 1763 1129 1858 zinpnsr'lzh.

323 1910 356 1982 5.
388 1890 528 1986 Accipe
555 1914 730 1963 coronam
760 1891 883 1986 regni,
915 1913 1012 1985 quae
1041 1889 1125 1962 licet
1151 1889 1199 1963 ab
1233 1889 1395 1987 indignis
1422 1889 1497 1986 epi·
1526 1937 1559 1975 10

215 2040 410 2111 scoporum
445 2033 570 2088 tamen
607 2015 777 2088 manibus
811 2015 921 2112 capiti
959 2032 1023 2088 tuo
1057 2015 1266 2111 imponitur.
1298 2016 1497 2113 Quamque

213 2141 416 2215 sanctitatis
444 2140 601 2238 gloriam
630 2157 668 2213 et
696 2139 875 2213 honorem
896 2158 1045 2237 etopus
1071 2141 1293 2214 fortitudinis
1321 2167 1496 2238 expresse

213 2269 362 2365 signare
386 2265 582 2364 intelligas.
613 2267 663 2339 Et
681 2291 747 2363 per
766 2265 860 2340 hanc
880 2281 917 2340 te
936 2267 1151 2363 participem
1172 2267 1361 2340 ministerii
1382 2268 1496 2341 nostri

215 2417 288 2466 non
310 2393 479 2491 ignores;
504 2392 555 2466 ita
577 2407 627 2476 ut,
650 2391 744 2465 sicut
773 2417 841 2465 nos
870 2393 905 2466 in
935 2392 1169 2466 interioribus
1192 2409 1360 2488 pastores
1383 2409 1497 2466 recto-

213 2545 346 2616 resque
360 2519 566 2592 animarum
587 2515 835 2614 intelligimur,
853 2535 891 2591 tu
908 2543 1059 2617 quoque
1079 2519 1115 2591 in
1131 2518 1374 2592 exterioribus
1388 2545 1497 2592 verus
1528 2559 1558 2609 15

214 2646 286 2718 Dei
314 2643 433 2720 cultor
460 2660 707 2742 strenuusque
735 2660 863 2717 contra
883 2669 1013 2718 omnes
1036 2644 1278 2718 adversitates
1308 2643 1495 2718 Ecclesiae

214 2771 349 2844 Christi
369 2770 553 2856 defensor,
570 2771 752 2867 regnique
772 2770 837 2842 tibi
857 2795 879 2843 a
900 2771 985 2844 Deo
1004 2769 1092 2857 dati,
1110 2787 1148 2843 et
1167 2796 1233 2866 per
1251 2770 1413 2844 officium
1429 2796 1494 2844 no·

213 2913 309 2970 strae
332 2891 601 2970 benedictionis
630 2895 665 2968 in
694 2895 773 2968 vice
792 2894 1059 2992 Apostolorum
1082 2897 1324 2994 omniumque
1344 2896 1498 2972 Sancto-

214 3049 293 3096 rum
322 3038 387 3096 tuo
407 3021 576 3120 regimini
596 3021 792 3106 commissi,
815 3020 913 3094 utilis
933 3021 1127 3096 exsecutor
1145 3038 1396 3120 regnatorque
1415 3049 1496 3120 pro-

215 3147 329 3223 ficuus
353 3174 501 3246 semper
528 3172 729 3245 appareas;
751 3164 791 3220 ut
810 3148 905 3221 inter
922 3149 1108 3245 gloriosos
1128 3147 1296 3232 athletas,
1321 3149 1496 3222 virtutum
1525 3193 1558 3229 20

213 3276 372 3373 gemmis
392 3291 555 3360 ornatus,
577 3289 615 3347 et
633 3275 799 3370 praemio
818 3275 1065 3371 sempiternae
1086 3272 1267 3348 felicitatis
1285 3290 1493 3360 coronatus,

213 3427 295 3475 cum
316 3401 553 3496 redemptore
571 3424 614 3473 ac
634 3397 816 3472 salvatore
846 3415 972 3473 nostro
990 3399 1100 3494 ¹lhesu
1126 3399 1285 3484 Christo,
1310 3399 1414 3472 cuius
1434 3426 1496 3473 no

214 3553 297 3601 men
318 3528 511 3623 vicemque
530 3541 678 3623 gestare
700 3524 871 3612 crederis,
894 3523 973 3598 sine
993 3525 1067 3599 fine
1094 3524 1273 3622 glorieris,
1305 3525 1380 3618 Qui
1408 3526 1496 3599 vivit

214 3670 250 3727 et
278 3668 421 3751 regnat.

685 3779 854 3875 Acceptz'o
881 3780 1020 3875 ro'rgae.
1523 3753 1558 3878 25¹

320 3911 355 3978 6.
386 3904 524 4002 Accipe
552 3905 694 4002 virgam
723 3905 866 3980 virtutis
898 3924 1011 4003 atque
1044 3906 1258 4004 aequitatis
1289 3932 1363 4004 qua
1392 3904 1494 3979 intel-

213 4028 305 4128 ligas
329 4029 489 4103 mulcere
508 4031 601 4127 pioS,
622 4046 660 4104 et
679 4045 816 4105 terrere
846 4031 1036 4128 reprobos
1059 4031 1266 4105 errantibus
1285 4032 1382 4105 viam
1406 4057 1496 4129 pan·

213 4155 318 4240 dere,
350 4156 464 4253 lapsis
501 4182 650 4229 manum
685 4155 894 4254 porrigere;
924 4157 1195 4254 disperdasque
1229 4157 1425 4254 superboS,
1457 4174 1495 4230 et

214 4280 353 4354 releves
381 4281 554 4356 humiles:
576 4300 613 4355 et
631 4281 773 4378 aperiat
801 4282 864 4354 tibi
894 4283 1030 4356 ostium
1054 4281 1188 4379 Jhesus
1217 4281 1387 4356 Christus
1418 4283 1494 4355 Do-

214 4407 333 4479 minus
354 4423 490 4493 noster‚
511 4407 574 4504 qui
602 4407 651 4481 de
679 4433 720 4480 se
749 4408 832 4503 ipso
860 4406 926 4481 ait:
957 4407 1044 4505 Ego
1063 4431 1144 4480 sum
1165 4408 1312 4492 ostium,
1343 4433 1411 4504 per
1434 4433 1493 4480 me
1521 4445 1556 4494 30

214 4532 242 4603 si
261 4533 345 4630 quis
365 4533 545 4606 introierit
572 4531 782 4607 salvabitur.
806 4534 854 4606 Et
874 4534 964 4630 ipse,
991 4533 1054 4630 qui
1078 4548 1136 4607 est
1154 4532 1266 4606 clavis
1296 4533 1430 4618 David,
1456 4551 1493 4606 et

357 4769 400 4820 19.
427 4753 573 4820 regimini:
601 4770 679 4808 corr.
704 4770 767 4808 cum
787 4756 809 4808 C
828 4772 867 4810 ex
892 4754 1041 4821 regimine.
1063 4784 1097 4793 -
1117 4771 1160 4808 22.
1181 4761 1296 4807 nostro:
1320 4769 1376 4808 om.
1403 4755 1436 4807 C.
1459 4783 1491 4792 -

284 4839 328 4890 26.
349 4834 471 4902 Accipe:
493 4835 536 4888 lit.
558 4835 584 4887 A
604 4835 697 4888 variis
716 4835 862 4889 ornatibus
880 4839 909 4890 el
925 4835 1066 4890 coloribus
1079 4837 1200 4904 pulchre
1218 4834 1335 4902 depicto.

260 5045 287 5103 5.
313 5027 392 5088 Ord.
420 5027 511 5088 Rom.
541 5046 610 5104 151,
637 5027 729 5088 Mart.
756 5027 835 5092 Ord.
861 5027 916 5088 vl.

260 5130 287 5185 6.
313 5125 391 5187 Ord.
418 5127 510 5186 Rom.
540 5144 610 5202 151,
637 5126 721 5186 Men.
749 5131 822 5196 261,
849 5127 941 5187 Mart.
968 5126 1046 5188 Ord.
1071 5127 1127 5188 Vl.
