4084 6128
510 497 543 548 28
909 493 1175 548 PONTlFlCALE
1200 493 1309 546 SAEC.
1337 491 1388 546 IX.

507 766 671 815 amorem
700 742 835 817 Christi
868 742 946 816 Filii
976 744 1027 817 tui
1058 743 1215 829 festinat,
1246 744 1294 818 da
1321 743 1497 841 Spiritum
1527 760 1694 817 sanctum
1722 742 1785 839 qui

507 867 672 942 habitum
701 868 889 968 religionis
918 871 954 941 in
983 896 1067 943 eum
1097 886 1277 966 perpetuo
1310 871 1509 956 custodiat,
1542 886 1579 943 et
1606 895 1628 942 a
1658 867 1785 940 mundi

508 992 772 1090 impedimento
800 993 857 1067 vel
886 991 1061 1068 saeculari
1095 994 1280 1069 desiderio
1308 1022 1371 1070 cor
1398 996 1479 1070 eius
1520 994 1717 1069 defendat:
1747 1011 1788 1068 ut

649 1273 674 1312 2.
695 1265 848 1324 perpetuo:
870 1273 895 1310 ι.
917 1273 992 1310 utcu:
1010 1271 1087 1311 corr.
1102 1259 1211 1324 poster.
1231 1271 1304 1310 ma:
1323 1260 1478 1322 perpetuae
1497 1280 1530 1293 -
1551 1250 1666 1306 mundi:
1687 1267 1705 1304 u
1725 1257 1788 1320 step

571 1339 680 1406 pletum
700 1342 762 1405 sup.
784 1337 835 1390 lin.
857 1337 886 1390 r'n
905 1341 968 1390 nclu
986 1336 1160 1406 scriptionis.

504 1563 656 1625 adnotare
672 1563 776 1625 credo,
794 1565 843 1625 Ex
859 1561 1048 1626 authenticis
1061 1561 1269 1633 documentis,
1284 1562 1350 1642 jam
1366 1583 1385 1624 a
1403 1561 1596 1624 nostratibus
1613 1559 1785 1630 illustratis,

505 1673 636 1733 constat,
651 1682 713 1722 non
730 1661 833 1722 solum
846 1663 1046 1725 collationem
1061 1660 1286 1722 beneficiorum
1304 1659 1335 1721 in
1350 1680 1540 1740 unaquaque
1556 1658 1687 1721 ecclesia
1700 1659 1787 1721 urbis

505 1771 537 1821 et
559 1758 713 1821 dioecesis
729 1760 840 1822 saetam
866 1782 885 1822 a
907 1759 1087 1841 praeposito
1111 1757 1160 1820 vel
1185 1769 1306 1820 rectore
1329 1759 1469 1838 ipsarum
1494 1757 1706 1830 ecclesiarum,
1731 1757 1786 1819 sed

505 1857 600 1920 etiam
628 1856 804 1920 clericalem
839 1869 1002 1921 tonsuram
1026 1859 1167 1929 titulatis,
1206 1856 1252 1918 uti
1277 1857 1412 1937 ajebant,
1437 1856 1583 1920 collatam
1619 1855 1728 1918 luisse:
1754 1855 1786 1916 id

505 1968 611 2017 tamen
636 1975 698 2016 non
718 1955 786 2017 sine
809 1956 1023 2019 controversia
1046 1955 1222 2018 obtinuisse
1244 1967 1392 2036 apparet;
1417 1977 1500 2028 nam,
1525 1955 1551 2017 si
1575 1955 1616 2016 de
1640 1953 1788 2034 praelatis

506 2053 650 2124 foraneis,
668 2053 700 2114 id
717 2065 763 2115 est
781 2055 968 2134 praepositis
984 2053 1135 2135 plebium,
1153 2066 1200 2116 est
1216 2055 1369 2134 quaestio,
1389 2054 1471 2116 circa
1483 2075 1555 2116 ann.
1578 2073 1662 2131 1149
1678 2050 1786 2113 Guido

505 2151 662 2214 Ostiensis
692 2152 860 2232 episcopus
895 2165 1057 2234 tamquam
1090 2152 1281 2232 apostolicae
1313 2152 1397 2214 sedis
1426 2147 1550 2233 legatus
1582 2151 1787 2213 mandaverat

505 2262 576 2312 ut«
593 2249 671 2312 nulli
700 2271 829 2314 manum
857 2251 1056 2332 imponerent
1077 2263 1108 2314 et
1140 2251 1297 2313 neminem
1324 2251 1541 2313 ordinarent»
1561 2271 1626 2313 uno
1657 2251 1787 2330 dempto

504 2348 779 2428 archipresbytero
803 2350 1022 2422 modoetiensi,
1048 2348 1103 2430 qui
1124 2373 1141 2407 «
1157 2371 1228 2412 cum
1253 2370 1292 2411 ex
1319 2349 1450 2430 antiqua
1474 2349 1616 2430 ejusdem
1638 2347 1787 2410 ecclesiae

508 2471 524 2500 ‹<
541 2447 772 2509 consuetudine
802 2448 884 2510 hanc
917 2448 1106 2529 dignitatem
1135 2448 1201 2528 jam
1227 2469 1283 2528 per
1306 2447 1423 2510 multos
1446 2468 1546 2510 annos
1579 2447 1785 2527 possederit...

508 2544 640 2607 «libere
663 2545 778 2607 habeat
794 2557 980 2626 potestatem
1005 2546 1154 2608 titulandi
1170 2557 1201 2608 et
1225 2546 1393 2608 ordinandi
1414 2545 1543 2608 clericos
1567 2545 1598 2607 in
1623 2544 1784 2608 ecclesia...

508 2667 524 2698 «
542 2643 623 2706 sicut
647 2663 748 2724 usque
771 2645 867 2706 hodie
894 2645 1047 2707 habuit».
1067 2641 1184 2728 (Fm'ri.·
1204 2646 1301 2706 Mem.
1327 2647 1362 2705 di
1386 2645 1513 2714 Monac,
1531 2657 1553 2707 t.
1585 2644 1629 2714 Il,
1659 2665 1688 2722 p.
1719 2641 1782 2728 59).

504 2741 690 2803 Mandatum
723 2751 827 2804 tamen
863 2741 959 2824 legati
991 2742 1155 2823 apostolici
1188 2743 1366 2805 obsoletum
1401 2743 1540 2806 ostendit
1563 2742 1705 2821 diploma
1732 2762 1783 2803 an.

508 2859 599 2918 1173,
627 2839 756 2901 Milonis
779 2840 1056 2920 Archipresbyteri
1082 2840 1293 2903 Mediolanen.
1313 2841 1481 2914 Ecclesiae,
1499 2852 1531 2904 et
1553 2839 1677 2902 Alberti
1699 2860 1784 2920 prae-

502 2937 596 3017 positi
621 2937 654 2999 S.
688 2938 834 3008 Naboris,
866 2938 1043 3019 legatorum
1069 2939 1307 3020 Archiepiseopi
1340 2939 1373 3000 S.
1407 2939 1547 3012 Galdini,
1580 2938 1634 3019 qui
1658 2963 1676 2994 «
1698 2958 1785 3019 prae·

506 3058 522 3090 «
539 3045 691 3115 ceperunt
715 3046 749 3097 ut
765 3036 921 3116 capitanei
948 3038 997 3098 De
1022 3037 1206 3100 Castillione
1227 3038 1325 3100 libere
1346 3059 1441 3119 quem
1458 3037 1557 3100 velint
1580 3047 1611 3098 et
1634 3037 1719 3098 unde
1735 3057 1785 3098 ve-

507 3133 599 3194 «lint
621 3133 741 3214 eligant
773 3135 967 3197 sacerdotem
1000 3136 1067 3198 sive
1089 3136 1248 3208 clericum,
1282 3136 1517 3199 ambrosianum
1550 3135 1725 3212 dumtaxat,
1753 3145 1785 3195 et

507 3257 523 3286 a
540 3231 700 3300 idoneum.
737 3253 800 3294 non
836 3233 1011 3312 professum
1036 3232 1151 3317 (idest
1175 3234 1368 3320 regularem)
1392 3254 1486 3314 quem
1520 3233 1718 3314 praepositus
1745 3233 1786 3294 de

508 3329 652 3391 «Castro
676 3330 799 3410 Seprio,
825 3331 850 3392 si
876 3331 1009 3393 idoneus
1045 3332 1147 3403 suerit,
1183 3333 1339 3404 investiat,
1364 3342 1395 3394 et
1413 3334 1453 3394 ab
1477 3353 1515 3395 eo
1549 3353 1679 3393 manum
1714 3331 1786 3393 obe

508 3451 524 3483 «
540 3426 678 3490 dientiae
701 3428 845 3507 recipiat:
862 3429 912 3490 vel
929 3430 955 3490 si
972 3430 1102 3509 praelati
1119 3431 1251 3503 domini,
1269 3451 1332 3493 non
1349 3431 1542 3493 sacerdotem
1564 3431 1620 3493 sed
1637 3428 1784 3492 clericum

508 3536 663 3587 «tantum
688 3539 743 3589 aut
764 3527 843 3589 sorte
864 3528 1055 3590 saecularem
1080 3542 1281 3601 vocaverunt,
1307 3529 1564 3609 praenominatus
1588 3528 1786 3609 praepositus

508 3622 596 3702 «qui
620 3643 677 3702 pro
701 3635 844 3704 tempore
867 3625 970 3698 suerit,
995 3647 1067 3688 eum
1092 3638 1244 3699 tonsuret,
1268 3639 1300 3690 et
1323 3628 1363 3688 ad
1387 3649 1492 3690 sacros
1514 3627 1642 3689 ordines
1666 3647 1787 3708 reprae

508 3745 524 3774 1<
541 3730 642 3784 sentet
658 3749 674 3778 »
703 3719 865 3805 (Giulr'ni.·
881 3725 978 3785 Mem.
1004 3726 1040 3786 cli
1061 3727 1196 3798 Milano,
1220 3736 1242 3788 t.
1267 3726 1323 3786 VI.
1348 3747 1421 3806 pag.
1442 3723 1527 3812 550).
1548 3727 1633 3788 lnter
1656 3725 1786 3788 clericos

505 3819 593 3880 urbis
615 3839 691 3881 vero
723 3820 830 3883 nullus
853 3822 934 3883 alius
957 3823 1068 3884 eadem
1093 3824 1313 3904 praerogativa
1343 3825 1482 3886 donatus
1509 3824 1635 3886 videtur
1664 3833 1787 3904 praeter

505 3916 694 3980 Ordinatios
723 3919 872 3982 ecclesiae
908 3920 1045 4000 majoris,
1071 3932 1103 3982 et
1140 3923 1354 4002 praepositum
1390 3922 1423 3984 S.
1448 3922 1610 3984 Ambrosii
1640 3922 1785 4003 majoris:

506 4024 611 4076 utrum
641 4016 838 4095 praepositus
857 4019 1077 4081 ambrosianus
1100 4041 1219 4082 sacram
1237 4031 1399 4082 tonsuram
1423 4021 1579 4083 consecret
1602 4042 1659 4083 sua
1682 4034 1786 4084 aucto

506 4112 615 4198 ritate,
648 4136 688 4175 an
724 4114 924 4195 delegatione
946 4117 1204 4198 Archiepiseopi‚
1230 4119 1453 4198 disputabatur
1488 4119 1568 4181 inter
1599 4131 1694 4182 testes
1728 4140 1786 4181 ro-

506 4221 598 4290 gatos
621 4212 652 4272 in
675 4212 816 4292 quodam
851 4235 998 4293 processu
1022 4215 1113 4277 annis
1152 4236 1235 4278 r200
1259 4229 1290 4279 et
1318 4237 1396 4278 1201
1435 4217 1578 4279 consecto
1607 4201 1665 4300 (l'.
1691 4219 1786 4279 Prm'-

506 4310 584 4380 celli,
620 4311 764 4372 Ambros.
799 4313 900 4374 Basil.
938 4315 1093 4384 Monam,
1119 4335 1148 4375 n.
1183 4319 1247 4392 646
1282 4326 1313 4377 et
1349 4313 1450 4400 seqq.)
1485 4335 1589 4378 coram
1627 4316 1786 4396 Episcopo

506 4406 698 4469 Vercellensi
727 4419 758 4470 et
781 4409 899 4471 Abbati
932 4411 1136 4483 Locediensi,
1158 4410 1271 4492 legatis
1299 4412 1481 4493 apostolicis
1509 4434 1566 4492 pro
1599 4413 1787 4475 dirimendis

506 4507 728 4568 controversiis
752 4506 833 4568 inter
856 4509 1028 4570 monachos
1051 4520 1083 4570 et
1114 4510 1283 4572 canonicos
1305 4511 1446 4590 ejusdem
1483 4510 1630 4574 basilicae
1664 4512 1787 4573 ambro-

508 4603 627 4676 sianae;
651 4605 707 4666 sed
732 4605 803 4668 licet
819 4606 859 4667 ad
877 4627 942 4668 rem
960 4618 1099 4669 nostram
1124 4629 1234 4688 parum
1253 4609 1392 4671 conserat
1416 4609 1465 4670 ius
1488 4630 1688 4689 cognoscere,
1713 4631 1784 4672 cum

508 4699 624 4762 factum
649 4715 779 4774 constet,
797 4713 901 4766 tamen
926 4725 989 4768 non
1005 4705 1064 4768 erit
1080 4707 1274 4785 superfluum
1293 4707 1359 4768 duo
1375 4707 1485 4769 audire
1509 4719 1612 4778 testes,
1630 4707 1685 4788 qui
1710 4729 1787 4770 usus

508 4799 577 4878 ejus
600 4801 711 4862 aetatis
746 4801 920 4865 illustrant:
951 4815 1083 4884 uterque
1113 4817 1244 4884 rogatus
1279 4806 1380 4867 suerat
1400 4805 1458 4866 «si
1488 4807 1685 4886 praepositus
1713 4807 1786 4868 facit

513 4921 529 4952 «
545 4917 620 4959 suos
643 4897 781 4970 clericos,
807 4901 862 4980 qui
885 4912 1039 4964 vocentur
1061 4901 1166 4964 clerici
1183 4903 1281 4966 sancti
1299 4903 1471 4974 Ambrosii,
1493 4903 1595 4984 etqui
1619 4915 1728 4984 postea
1745 4905 1786 4967 es·

513 5017 529 5048 «
547 4995 692 5058 liciantur
725 4998 917 5061 canonici».
945 5001 1056 5062 Petrus
1083 5001 1124 5062 de
1158 5001 1287 5062 Garlate
1322 5001 1499 5080 respondit:
1529 5003 1669 5065 «Credo
1698 5004 1785 5084 quod

513 5115 529 5148 «
547 5092 619 5156 lecit
652 5094 791 5168 clericos,
816 5109 847 5158 et
870 5107 974 5160 tamen
1009 5099 1050 5160 de
1084 5097 1235 5160 mandato
1262 5099 1383 5160 domini
1419 5099 1675 5181 Areliicpiseopi:
1711 5103 1786 5182 quia
