<?xml version="1.0" encoding="UTF-8"?>
<!DOCTYPE html PUBLIC "-//W3C//DTD XHTML 1.0 Transitional//EN"
    "http://www.w3.org/TR/xhtml1/DTD/xhtml1-transitional.dtd">
<html xmlns="http://www.w3.org/1999/xhtml" xml:lang="en" lang="en">
 <head>
  <title>
</title>
<meta http-equiv="Content-Type" content="text/html;charset=utf-8" />
  <meta name='ocr-system' content='tesseract 3.04.00' />
  <meta name='ocr-capabilities' content='ocr_page ocr_carea ocr_par ocr_line ocrx_word'/>
</head>
<body>
  <div class='ocr_page' id='page_1' title='image "./pontificaleinus00churgoog_0173.png"; bbox 0 0 4078 6126; ppageno 0'>
   <div class='ocr_carea' id='block_1_1' title="bbox 503 471 1541 528">
    <p class='ocr_par' dir='ltr' id='par_1_1' title="bbox 503 471 1541 528">
     <span class='ocr_line' id='line_1_1' title="bbox 503 471 1541 528; baseline 0.007 -9"><span class='ocrx_word' id='word_1_1' title='bbox 503 473 551 520; x_wconf 84' lang='lat'><strong>128</strong></span> <span class='ocrx_word' id='word_1_2' title='bbox 767 471 971 526; x_wconf 80' lang='lat' dir='ltr'>APPENDlX</span> <span class='ocrx_word' id='word_1_3' title='bbox 992 474 1047 525; x_wconf 80' lang='lat' dir='ltr'>AD</span> <span class='ocrx_word' id='word_1_4' title='bbox 1070 474 1337 526; x_wconf 84' lang='lat' dir='ltr'>PONTlFlCAl.E</span> <span class='ocrx_word' id='word_1_5' title='bbox 1356 475 1466 528; x_wconf 84' lang='lat' dir='ltr'><strong>SAEC.</strong></span> <span class='ocrx_word' id='word_1_6' title='bbox 1491 475 1541 528; x_wconf 87' lang='lat' dir='ltr'>IX.</span> 
     </span>
    </p>
   </div>
   <div class='ocr_carea' id='block_1_2' title="bbox 1537 591 1780 602">
    <p class='ocr_par' dir='ltr' id='par_1_2' title="bbox 1537 591 1780 602">
     <span class='ocr_line' id='line_1_2' title="bbox 1537 591 1780 602; baseline 0 -6"><span class='ocrx_word' id='word_1_7' title='bbox 1537 591 1634 596; x_wconf 80' lang='lat'>..—</span> <span class='ocrx_word' id='word_1_8' title='bbox 1705 593 1780 602; x_wconf 69' lang='lat'>—-</span> 
     </span>
    </p>
   </div>
   <div class='ocr_carea' id='block_1_3' title="bbox 441 719 1786 3090">
    <p class='ocr_par' dir='ltr' id='par_1_3' title="bbox 441 719 1786 3090">
     <span class='ocr_line' id='line_1_3' title="bbox 613 719 1783 819; baseline 0.005 -27"><span class='ocrx_word' id='word_1_9' title='bbox 613 743 669 809; x_wconf 86' lang='lat'>¹9·</span> <span class='ocrx_word' id='word_1_10' title='bbox 701 719 778 792; x_wconf 76' lang='lat' dir='ltr'>Hic</span> <span class='ocrx_word' id='word_1_11' title='bbox 799 721 907 792; x_wconf 81' lang='lat' dir='ltr'>detur</span> <span class='ocrx_word' id='word_1_12' title='bbox 924 722 961 794; x_wconf 79' lang='grc' dir='ltr'>εἰ</span> <span class='ocrx_word' id='word_1_13' title='bbox 977 730 1158 818; x_wconf 79' lang='lat' dir='ltr'><em>sceptrum</em></span> <span class='ocrx_word' id='word_1_14' title='bbox 1185 731 1220 795; x_wconf 83' lang='lat' dir='ltr'>et</span> <span class='ocrx_word' id='word_1_15' title='bbox 1238 730 1389 818; x_wconf 77' lang='lat' dir='ltr'>porrum</span> <span class='ocrx_word' id='word_1_16' title='bbox 1411 747 1568 794; x_wconf 83' lang='lat' dir='ltr'>aureum</span> <span class='ocrx_word' id='word_1_17' title='bbox 1587 734 1661 819; x_wconf 77' lang='lat' dir='ltr'>per</span> <span class='ocrx_word' id='word_1_18' title='bbox 1688 735 1783 798; x_wconf 82' lang='lat' dir='ltr'>unle-</span> 
     </span>
     <span class='ocr_line' id='line_1_4' title="bbox 499 845 1132 944; baseline 0.006 -28"><span class='ocrx_word' id='word_1_19' title='bbox 499 845 635 917; x_wconf 81' lang='lat' dir='ltr'>dr&#39;ctrrm</span> <span class='ocrx_word' id='word_1_20' title='bbox 656 845 885 940; x_wconf 76' lang='lat' dir='ltr'>pontrficem:</span> <span class='ocrx_word' id='word_1_21' title='bbox 1125 937 1132 944; x_wconf 32' lang='grc' dir='ltr'>Ι</span> 
     </span>
     <span class='ocr_line' id='line_1_5' title="bbox 606 971 1779 1072; baseline 0.004 -29"><span class='ocrx_word' id='word_1_22' title='bbox 606 971 745 1068; x_wconf 81' lang='lat' dir='ltr'><strong>Accipe</strong></span> <span class='ocrx_word' id='word_1_23' title='bbox 761 989 946 1069; x_wconf 85' lang='lat' dir='ltr'><strong>sceptrum</strong></span> <span class='ocrx_word' id='word_1_24' title='bbox 966 973 1091 1070; x_wconf 84' lang='lat' dir='ltr'>regiae</span> <span class='ocrx_word' id='word_1_25' title='bbox 1111 973 1306 1069; x_wconf 87' lang='lat' dir='ltr'>potestatis</span> <span class='ocrx_word' id='word_1_26' title='bbox 1326 974 1483 1072; x_wconf 85' lang='lat' dir='ltr'>insigne,</span> <span class='ocrx_word' id='word_1_27' title='bbox 1501 975 1642 1072; x_wconf 86' lang='lat' dir='ltr'>virgam</span> <span class='ocrx_word' id='word_1_28' title='bbox 1663 975 1779 1072; x_wconf 87' lang='lat' dir='ltr'>regni,</span> 
     </span>
     <span class='ocr_line' id='line_1_6' title="bbox 499 1097 1782 1197; baseline 0.002 -27"><span class='ocrx_word' id='word_1_29' title='bbox 499 1098 640 1194; x_wconf 84' lang='lat' dir='ltr'>virgam</span> <span class='ocrx_word' id='word_1_30' title='bbox 669 1097 822 1185; x_wconf 71' lang='lat' dir='ltr'>virtutis</span> <span class='ocrx_word' id='word_1_31' title='bbox 853 1123 928 1196; x_wconf 93' lang='lat' dir='ltr'>qua</span> <span class='ocrx_word' id='word_1_32' title='bbox 956 1114 992 1172; x_wconf 91' lang='lat' dir='ltr'>te</span> <span class='ocrx_word' id='word_1_33' title='bbox 1020 1099 1141 1195; x_wconf 91' lang='lat' dir='ltr'>ipsum</span> <span class='ocrx_word' id='word_1_34' title='bbox 1169 1099 1266 1172; x_wconf 92' lang='lat' dir='ltr'>bene</span> <span class='ocrx_word' id='word_1_35' title='bbox 1295 1125 1415 1197; x_wconf 87' lang='lat' dir='ltr'>regas,</span> <span class='ocrx_word' id='word_1_36' title='bbox 1446 1116 1687 1197; x_wconf 85' lang='lat' dir='ltr'>sanctamque</span> <span class='ocrx_word' id='word_1_37' title='bbox 1717 1102 1782 1174; x_wconf 86' lang='lat' dir='ltr'>Ec-</span> 
     </span>
     <span class='ocr_line' id='line_1_7' title="bbox 456 1223 1784 1322; baseline 0.002 -25"><span class='ocrx_word' id='word_1_38' title='bbox 456 1261 471 1310; x_wconf 84' lang='lat'>5</span> <span class='ocrx_word' id='word_1_39' title='bbox 499 1223 648 1297; x_wconf 88' lang='lat' dir='ltr'>clesiam</span> <span class='ocrx_word' id='word_1_40' title='bbox 677 1240 715 1298; x_wconf 91' lang='lat' dir='ltr'>et</span> <span class='ocrx_word' id='word_1_41' title='bbox 742 1225 922 1322; x_wconf 89' lang='lat' dir='ltr'>populum</span> <span class='ocrx_word' id='word_1_42' title='bbox 951 1225 1121 1300; x_wconf 90' lang='lat' dir='ltr'>videlicet</span> <span class='ocrx_word' id='word_1_43' title='bbox 1149 1225 1387 1299; x_wconf 89' lang='lat' dir='ltr'>christianum</span> <span class='ocrx_word' id='word_1_44' title='bbox 1423 1227 1488 1300; x_wconf 90' lang='lat' dir='ltr'>tibi</span> <span class='ocrx_word' id='word_1_45' title='bbox 1517 1253 1539 1300; x_wconf 91' lang='lat' dir='ltr'>a</span> <span class='ocrx_word' id='word_1_46' title='bbox 1569 1227 1654 1300; x_wconf 92' lang='lat' dir='ltr'>Deo</span> <span class='ocrx_word' id='word_1_47' title='bbox 1682 1254 1784 1301; x_wconf 90' lang='lat' dir='ltr'>com-</span> 
     </span>
     <span class='ocr_line' id='line_1_8' title="bbox 500 1352 1779 1452; baseline 0.003 -30"><span class='ocrx_word' id='word_1_48' title='bbox 500 1352 653 1425; x_wconf 92' lang='lat' dir='ltr'>missum</span> <span class='ocrx_word' id='word_1_49' title='bbox 682 1354 785 1450; x_wconf 82' lang='lat' dir='ltr'>regia</span> <span class='ocrx_word' id='word_1_50' title='bbox 803 1354 937 1428; x_wconf 89' lang='lat' dir='ltr'>virtute</span> <span class='ocrx_word' id='word_1_51' title='bbox 956 1352 1136 1427; x_wconf 80' lang='lat' dir='ltr'>defendas</span> <span class='ocrx_word' id='word_1_52' title='bbox 1155 1353 1203 1426; x_wconf 92' lang='lat' dir='ltr'>ab</span> <span class='ocrx_word' id='word_1_53' title='bbox 1233 1352 1421 1448; x_wconf 81' lang='lat' dir='ltr'>improbis,</span> <span class='ocrx_word' id='word_1_54' title='bbox 1443 1377 1578 1448; x_wconf 90' lang='lat' dir='ltr'>pravos</span> <span class='ocrx_word' id='word_1_55' title='bbox 1605 1354 1779 1452; x_wconf 71' lang='lat' dir='ltr'>corrigas</span> 
     </span>
     <span class='ocr_line' id='line_1_9' title="bbox 501 1479 1782 1575; baseline -0.001 -24"><span class='ocrx_word' id='word_1_56' title='bbox 501 1493 620 1552; x_wconf 90' lang='lat' dir='ltr'>rectos</span> <span class='ocrx_word' id='word_1_57' title='bbox 648 1479 837 1575; x_wconf 84' lang='lat' dir='ltr'>pacifices;</span> <span class='ocrx_word' id='word_1_58' title='bbox 867 1496 905 1557; x_wconf 88' lang='lat' dir='ltr'>et</span> <span class='ocrx_word' id='word_1_59' title='bbox 932 1495 974 1552; x_wconf 92' lang='lat' dir='ltr'>ut</span> <span class='ocrx_word' id='word_1_60' title='bbox 1001 1479 1097 1552; x_wconf 94' lang='lat' dir='ltr'>viam</span> <span class='ocrx_word' id='word_1_61' title='bbox 1127 1495 1263 1552; x_wconf 88' lang='lat' dir='ltr'>rectam</span> <span class='ocrx_word' id='word_1_62' title='bbox 1297 1493 1424 1552; x_wconf 91' lang='lat' dir='ltr'>tenere</span> <span class='ocrx_word' id='word_1_63' title='bbox 1453 1479 1607 1574; x_wconf 88' lang='lat' dir='ltr'>possint,</span> <span class='ocrx_word' id='word_1_64' title='bbox 1638 1493 1703 1552; x_wconf 92' lang='lat' dir='ltr'>tuo</span> <span class='ocrx_word' id='word_1_65' title='bbox 1733 1479 1782 1550; x_wconf 91' lang='lat' dir='ltr'>iu-</span> 
     </span>
     <span class='ocr_line' id='line_1_10' title="bbox 500 1603 1782 1703; baseline 0 -27"><span class='ocrx_word' id='word_1_66' title='bbox 500 1604 646 1678; x_wconf 89' lang='lat' dir='ltr'>vamine</span> <span class='ocrx_word' id='word_1_67' title='bbox 673 1605 829 1703; x_wconf 86' lang='lat' dir='ltr'>dirigas:</span> <span class='ocrx_word' id='word_1_68' title='bbox 859 1623 1044 1703; x_wconf 89' lang='lat' dir='ltr'>quatenus</span> <span class='ocrx_word' id='word_1_69' title='bbox 1069 1605 1117 1678; x_wconf 91' lang='lat' dir='ltr'>de</span> <span class='ocrx_word' id='word_1_70' title='bbox 1146 1603 1338 1701; x_wconf 90' lang='lat' dir='ltr'>temporali</span> <span class='ocrx_word' id='word_1_71' title='bbox 1368 1630 1486 1702; x_wconf 85' lang='lat' dir='ltr'>regno</span> <span class='ocrx_word' id='word_1_72' title='bbox 1512 1604 1560 1677; x_wconf 89' lang='lat' dir='ltr'>ad</span> <span class='ocrx_word' id='word_1_73' title='bbox 1589 1620 1782 1677; x_wconf 86' lang='lat' dir='ltr'>aeternum</span> 
     </span>
     <span class='ocr_line' id='line_1_11' title="bbox 501 1730 1781 1830; baseline -0.002 -26"><span class='ocrx_word' id='word_1_74' title='bbox 501 1758 658 1828; x_wconf 84' lang='lat' dir='ltr'>regnum</span> <span class='ocrx_word' id='word_1_75' title='bbox 678 1733 883 1829; x_wconf 73' lang='lat' dir='ltr'>pervenias</span> <span class='ocrx_word' id='word_1_76' title='bbox 901 1733 983 1830; x_wconf 89' lang='lat' dir='ltr'>ipso</span> <span class='ocrx_word' id='word_1_77' title='bbox 1001 1731 1210 1817; x_wconf 85' lang='lat' dir='ltr'>adiuvante,</span> <span class='ocrx_word' id='word_1_78' title='bbox 1231 1730 1335 1803; x_wconf 91' lang='lat' dir='ltr'>cuius</span> <span class='ocrx_word' id='word_1_79' title='bbox 1355 1730 1521 1828; x_wconf 87' lang='lat' dir='ltr'>regimen</span> <span class='ocrx_word' id='word_1_80' title='bbox 1537 1747 1574 1804; x_wconf 90' lang='lat' dir='ltr'>et</span> <span class='ocrx_word' id='word_1_81' title='bbox 1590 1730 1781 1827; x_wconf 91' lang='lat' dir='ltr'>imperium</span> 
     </span>
     <span class='ocr_line' id='line_1_12' title="bbox 441 1855 1416 1954; baseline -0.004 -18"><span class='ocrx_word' id='word_1_82' title='bbox 441 1900 472 1936; x_wconf 82' lang='lat' dir='ltr'>to</span> <span class='ocrx_word' id='word_1_83' title='bbox 502 1859 581 1932; x_wconf 89' lang='lat' dir='ltr'>sine</span> <span class='ocrx_word' id='word_1_84' title='bbox 610 1858 684 1932; x_wconf 90' lang='lat' dir='ltr'>fme</span> <span class='ocrx_word' id='word_1_85' title='bbox 713 1875 905 1954; x_wconf 86' lang='lat' dir='ltr'>permanet</span> <span class='ocrx_word' id='word_1_86' title='bbox 932 1859 969 1931; x_wconf 93' lang='lat' dir='ltr'>in</span> <span class='ocrx_word' id='word_1_87' title='bbox 998 1857 1145 1931; x_wconf 89' lang='lat' dir='ltr'>saecula</span> <span class='ocrx_word' id='word_1_88' title='bbox 1173 1855 1416 1932; x_wconf 89' lang='lat' dir='ltr'>saeculorum.</span> 
     </span>
     <span class='ocr_line' id='line_1_13' title="bbox 611 1981 1783 2080; baseline -0.002 -24"><span class='ocrx_word' id='word_1_89' title='bbox 611 2007 670 2058; x_wconf 93' lang='lat'><strong>20.</strong></span> <span class='ocrx_word' id='word_1_90' title='bbox 708 1985 744 2055; x_wconf 86' lang='lat' dir='ltr'><em>T</em></span> <span class='ocrx_word' id='word_1_91' title='bbox 739 2009 808 2056; x_wconf 83' lang='lat' dir='ltr'>rmc</span> <span class='ocrx_word' id='word_1_92' title='bbox 835 1984 1015 2057; x_wconf 83' lang='lat' dir='ltr'>benedicat</span> <span class='ocrx_word' id='word_1_93' title='bbox 1029 2009 1111 2056; x_wconf 83' lang='lat' dir='ltr'>eum</span> <span class='ocrx_word' id='word_1_94' title='bbox 1140 1983 1308 2056; x_wconf 77' lang='lat' dir='ltr'>donemus</span> <span class='ocrx_word' id='word_1_95' title='bbox 1329 1983 1617 2080; x_wconf 72' lang='lat' dir='ltr'>urclrr&#39;cprscopus</span> <span class='ocrx_word' id='word_1_96' title='bbox 1643 1981 1783 2056; x_wconf 78' lang='lat' dir='ltr'>dicens.-</span> 
     </span>
     <span class='ocr_line' id='line_1_14' title="bbox 610 2103 1026 2184; baseline 0.002 -1"><span class='ocrx_word' id='word_1_97' title='bbox 610 2110 796 2184; x_wconf 90' lang='lat' dir='ltr'>Dominus</span> <span class='ocrx_word' id='word_1_98' title='bbox 824 2103 1026 2184; x_wconf 61' lang='lat' dir='ltr'>vobiscumss</span> 
     </span>
     <span class='ocr_line' id='line_1_15' title="bbox 611 2236 1785 2334; baseline -0.001 -25"><span class='ocrx_word' id='word_1_99' title='bbox 611 2237 783 2322; x_wconf 88' lang='lat' dir='ltr'>Benedic‚</span> <span class='ocrx_word' id='word_1_100' title='bbox 816 2237 990 2323; x_wconf 88' lang='lat' dir='ltr'>Domine,</span> <span class='ocrx_word' id='word_1_101' title='bbox 1012 2237 1110 2311; x_wconf 91' lang='lat' dir='ltr'>hunc</span> <span class='ocrx_word' id='word_1_102' title='bbox 1129 2262 1257 2334; x_wconf 85' lang='lat' dir='ltr'>regem</span> <span class='ocrx_word' id='word_1_103' title='bbox 1278 2252 1456 2322; x_wconf 90' lang='lat' dir='ltr'>nostrum,</span> <span class='ocrx_word' id='word_1_104' title='bbox 1477 2236 1541 2334; x_wconf 89' lang='lat' dir='ltr'>qui</span> <span class='ocrx_word' id='word_1_105' title='bbox 1570 2260 1686 2333; x_wconf 83' lang='lat' dir='ltr'>regna</span> <span class='ocrx_word' id='word_1_106' title='bbox 1708 2260 1785 2308; x_wconf 94' lang='lat' dir='ltr'>om·</span> 
     </span>
     <span class='ocr_line' id='line_1_16' title="bbox 504 2359 1780 2459; baseline -0.001 -24"><span class='ocrx_word' id='word_1_107' title='bbox 504 2364 604 2435; x_wconf 92' lang='lat' dir='ltr'>nium</span> <span class='ocrx_word' id='word_1_108' title='bbox 634 2362 836 2436; x_wconf 89' lang='lat' dir='ltr'>moderaris</span> <span class='ocrx_word' id='word_1_109' title='bbox 858 2388 882 2436; x_wconf 91' lang='lat' dir='ltr'>a</span> <span class='ocrx_word' id='word_1_110' title='bbox 902 2363 1062 2450; x_wconf 90' lang='lat' dir='ltr'>saeculo,</span> <span class='ocrx_word' id='word_1_111' title='bbox 1084 2379 1122 2438; x_wconf 92' lang='lat' dir='ltr'>et</span> <span class='ocrx_word' id='word_1_112' title='bbox 1141 2363 1202 2437; x_wconf 88' lang='lat' dir='ltr'>tali</span> <span class='ocrx_word' id='word_1_113' title='bbox 1222 2388 1308 2437; x_wconf 91' lang='lat' dir='ltr'>eum</span> <span class='ocrx_word' id='word_1_114' title='bbox 1327 2362 1587 2436; x_wconf 90' lang='lat' dir='ltr'>benedictione</span> <span class='ocrx_word' id='word_1_115' title='bbox 1605 2359 1780 2459; x_wconf 86' lang='lat' dir='ltr'>glorifica,</span> 
     </span>
     <span class='ocr_line' id='line_1_17' title="bbox 442 2486 1782 2586; baseline 0 -28"><span class='ocrx_word' id='word_1_116' title='bbox 442 2522 473 2569; x_wconf 80' lang='lat'>15</span> <span class='ocrx_word' id='word_1_117' title='bbox 503 2503 543 2561; x_wconf 90' lang='lat' dir='ltr'>ut</span> <span class='ocrx_word' id='word_1_118' title='bbox 570 2487 761 2561; x_wconf 86' lang='lat' dir='ltr'>davidicae</span> <span class='ocrx_word' id='word_1_119' title='bbox 789 2503 915 2562; x_wconf 91' lang='lat' dir='ltr'>teneat</span> <span class='ocrx_word' id='word_1_120' title='bbox 942 2487 1177 2562; x_wconf 89' lang='lat' dir='ltr'>sublimitatis</span> <span class='ocrx_word' id='word_1_121' title='bbox 1200 2503 1396 2585; x_wconf 85' lang='lat' dir='ltr'>sceptrum,</span> <span class='ocrx_word' id='word_1_122' title='bbox 1427 2503 1465 2562; x_wconf 90' lang='lat' dir='ltr'>et</span> <span class='ocrx_word' id='word_1_123' title='bbox 1491 2486 1718 2586; x_wconf 77' lang='lat' dir='ltr'>glorificatus</span> <span class='ocrx_word' id='word_1_124' title='bbox 1747 2487 1782 2559; x_wconf 94' lang='lat' dir='ltr'>in</span> 
     </span>
     <span class='ocr_line' id='line_1_18' title="bbox 503 2614 1528 2711; baseline 0 -23"><span class='ocrx_word' id='word_1_125' title='bbox 503 2615 584 2688; x_wconf 93' lang='lat' dir='ltr'>eius</span> <span class='ocrx_word' id='word_1_126' title='bbox 611 2614 780 2711; x_wconf 90' lang='lat' dir='ltr'>protinus</span> <span class='ocrx_word' id='word_1_127' title='bbox 808 2614 1011 2711; x_wconf 86' lang='lat' dir='ltr'>reperiatur</span> <span class='ocrx_word' id='word_1_128' title='bbox 1039 2615 1180 2689; x_wconf 85' lang='lat' dir='ltr'>merito</span> <span class='ocrx_word' id='word_1_129' title='bbox 1214 2615 1283 2688; x_wconf 90' lang='lat' dir='ltr'>Per</span> <span class='ocrx_word' id='word_1_130' title='bbox 1312 2614 1528 2688; x_wconf 93' lang='lat' dir='ltr'>Dominum.</span> 
     </span>
     <span class='ocr_line' id='line_1_19' title="bbox 614 2740 1786 2836; baseline -0.003 -22"><span class='ocrx_word' id='word_1_131' title='bbox 614 2766 673 2816; x_wconf 93' lang='lat'><strong>21.</strong></span> <span class='ocrx_word' id='word_1_132' title='bbox 712 2740 814 2813; x_wconf 76' lang='lat' dir='ltr'>llum</span> <span class='ocrx_word' id='word_1_133' title='bbox 839 2767 888 2813; x_wconf 84' lang='lat' dir='ltr'>cx</span> <span class='ocrx_word' id='word_1_134' title='bbox 913 2741 1084 2836; x_wconf 70' lang='lat' dir='ltr'>cpucopr&#39;s</span> <span class='ocrx_word' id='word_1_135' title='bbox 1102 2742 1141 2813; x_wconf 81' lang='lat' dir='ltr'>in</span> <span class='ocrx_word' id='word_1_136' title='bbox 1160 2742 1296 2814; x_wconf 78' lang='lat' dir='ltr'>maiori</span> <span class='ocrx_word' id='word_1_137' title='bbox 1319 2749 1420 2812; x_wconf 78' lang='lat' dir='ltr'>stulu</span> <span class='ocrx_word' id='word_1_138' title='bbox 1448 2741 1661 2813; x_wconf 79' lang='lat' dir='ltr'>corutr&#39;lutus</span> <span class='ocrx_word' id='word_1_139' title='bbox 1688 2740 1786 2812; x_wconf 82' lang='lat' dir='ltr'>dr&#39;cul</span> 
     </span>
     <span class='ocr_line' id='line_1_20' title="bbox 502 2867 1283 2946; baseline 0.004 -8"><span class='ocrx_word' id='word_1_140' title='bbox 502 2867 594 2940; x_wconf 82' lang='lat' dir='ltr'>lmnc</span> <span class='ocrx_word' id='word_1_141' title='bbox 620 2867 837 2946; x_wconf 74' lang='lat' dir='ltr'>cralziruem:</span> <span class='ocrx_word' id='word_1_142' title='bbox 868 2868 1053 2941; x_wconf 90' lang='lat' dir='ltr'>Dominus</span> <span class='ocrx_word' id='word_1_143' title='bbox 1082 2868 1283 2941; x_wconf 88' lang='lat' dir='ltr'>vobiscum.</span> 
     </span>
     <span class='ocr_line' id='line_1_21' title="bbox 609 2992 1780 3090; baseline -0.001 -24"><span class='ocrx_word' id='word_1_144' title='bbox 609 2992 796 3068; x_wconf 85' lang='lat' dir='ltr'>Extendat</span> <span class='ocrx_word' id='word_1_145' title='bbox 810 2993 1047 3090; x_wconf 90' lang='lat' dir='ltr'>omnipotens</span> <span class='ocrx_word' id='word_1_146' title='bbox 1063 2994 1169 3067; x_wconf 91' lang='lat' dir='ltr'>Deus</span> <span class='ocrx_word' id='word_1_147' title='bbox 1188 2994 1377 3068; x_wconf 87' lang='lat' dir='ltr'>dexteram</span> <span class='ocrx_word' id='word_1_148' title='bbox 1393 3019 1483 3068; x_wconf 90' lang='lat' dir='ltr'>suae</span> <span class='ocrx_word' id='word_1_149' title='bbox 1502 2994 1780 3080; x_wconf 89' lang='lat' dir='ltr'>benedictionis,</span> 
     </span>
    </p>
   </div>
   <div class='ocr_carea' id='block_1_4' title="bbox 440 3118 1784 3697">
    <p class='ocr_par' dir='ltr' id='par_1_4' title="bbox 440 3118 1784 3697">
     <span class='ocr_line' id='line_1_22' title="bbox 440 3118 1784 3218; baseline 0.002 -26"><span class='ocrx_word' id='word_1_150' title='bbox 440 3147 473 3182; x_wconf 89' lang='lat'><strong>20</strong></span> <span class='ocrx_word' id='word_1_151' title='bbox 502 3135 540 3192; x_wconf 91' lang='lat' dir='ltr'>et</span> <span class='ocrx_word' id='word_1_152' title='bbox 567 3118 733 3192; x_wconf 79' lang='lat' dir='ltr'>effundat</span> <span class='ocrx_word' id='word_1_153' title='bbox 760 3145 873 3217; x_wconf 90' lang='lat' dir='ltr'>super</span> <span class='ocrx_word' id='word_1_154' title='bbox 901 3135 937 3192; x_wconf 90' lang='lat' dir='ltr'>te</span> <span class='ocrx_word' id='word_1_155' title='bbox 965 3119 1105 3194; x_wconf 90' lang='lat' dir='ltr'>donum</span> <span class='ocrx_word' id='word_1_156' title='bbox 1135 3147 1225 3196; x_wconf 90' lang='lat' dir='ltr'>suae</span> <span class='ocrx_word' id='word_1_157' title='bbox 1253 3121 1503 3218; x_wconf 88' lang='lat' dir='ltr'>protectionis,</span> <span class='ocrx_word' id='word_1_158' title='bbox 1524 3137 1562 3194; x_wconf 90' lang='lat' dir='ltr'>et</span> <span class='ocrx_word' id='word_1_159' title='bbox 1583 3122 1784 3196; x_wconf 88' lang='lat' dir='ltr'>circumdet</span> 
     </span>
     <span class='ocr_line' id='line_1_23' title="bbox 504 3245 1784 3345; baseline 0.001 -26"><span class='ocrx_word' id='word_1_160' title='bbox 504 3270 608 3319; x_wconf 92' lang='lat' dir='ltr'>muro</span> <span class='ocrx_word' id='word_1_161' title='bbox 636 3245 819 3320; x_wconf 85' lang='lat' dir='ltr'>felicitatis</span> <span class='ocrx_word' id='word_1_162' title='bbox 846 3271 889 3319; x_wconf 86' lang='lat' dir='ltr'>ac</span> <span class='ocrx_word' id='word_1_163' title='bbox 917 3247 1084 3320; x_wconf 89' lang='lat' dir='ltr'>custodia</span> <span class='ocrx_word' id='word_1_164' title='bbox 1113 3273 1203 3321; x_wconf 90' lang='lat' dir='ltr'>suae</span> <span class='ocrx_word' id='word_1_165' title='bbox 1222 3247 1504 3345; x_wconf 74' lang='lat' dir='ltr'>propitiationis</span> <span class='ocrx_word' id='word_1_166' title='bbox 1535 3264 1685 3322; x_wconf 86' lang='lat' dir='ltr'>sanctae</span> <span class='ocrx_word' id='word_1_167' title='bbox 1706 3247 1784 3321; x_wconf 91' lang='lat' dir='ltr'>Ma-</span> 
     </span>
     <span class='ocr_line' id='line_1_24' title="bbox 503 3370 1782 3469; baseline -0.001 -24"><span class='ocrx_word' id='word_1_168' title='bbox 503 3371 577 3445; x_wconf 90' lang='lat' dir='ltr'>riae</span> <span class='ocrx_word' id='word_1_169' title='bbox 605 3397 648 3445; x_wconf 92' lang='lat' dir='ltr'>ac</span> <span class='ocrx_word' id='word_1_170' title='bbox 666 3371 765 3444; x_wconf 90' lang='lat' dir='ltr'>beati</span> <span class='ocrx_word' id='word_1_171' title='bbox 787 3371 883 3444; x_wconf 91' lang='lat' dir='ltr'>Petri</span> <span class='ocrx_word' id='word_1_172' title='bbox 903 3370 1171 3467; x_wconf 84' lang='lat' dir='ltr'>Apostolorum</span> <span class='ocrx_word' id='word_1_173' title='bbox 1191 3372 1365 3469; x_wconf 87' lang='lat' dir='ltr'>principis</span> <span class='ocrx_word' id='word_1_174' title='bbox 1383 3371 1575 3468; x_wconf 85' lang='lat' dir='ltr'>sanctique</span> <span class='ocrx_word' id='word_1_175' title='bbox 1595 3371 1782 3446; x_wconf 80' lang='lat' dir='ltr'>Ambrosii</span> 
     </span>
     <span class='ocr_line' id='line_1_25' title="bbox 502 3496 1783 3595; baseline 0.001 -25"><span class='ocrx_word' id='word_1_176' title='bbox 502 3513 615 3595; x_wconf 89' lang='lat' dir='ltr'>atque</span> <span class='ocrx_word' id='word_1_177' title='bbox 643 3496 807 3571; x_wconf 92' lang='lat' dir='ltr'>omnium</span> <span class='ocrx_word' id='word_1_178' title='bbox 837 3497 1058 3570; x_wconf 89' lang='lat' dir='ltr'>Sanctorum</span> <span class='ocrx_word' id='word_1_179' title='bbox 1086 3496 1399 3572; x_wconf 91' lang='lat' dir='ltr'>intercedentibus</span> <span class='ocrx_word' id='word_1_180' title='bbox 1426 3496 1576 3572; x_wconf 89' lang='lat' dir='ltr'>meritis.</span> <span class='ocrx_word' id='word_1_181' title='bbox 1609 3497 1679 3571; x_wconf 88' lang='lat' dir='ltr'>Per</span> <span class='ocrx_word' id='word_1_182' title='bbox 1708 3498 1783 3571; x_wconf 93' lang='lat' dir='ltr'>Do-</span> 
     </span>
     <span class='ocr_line' id='line_1_26' title="bbox 504 3649 654 3697; baseline 0.007 -2"><span class='ocrx_word' id='word_1_183' title='bbox 504 3649 654 3697; x_wconf 75' lang='lat' dir='ltr'>minum.</span> 
     </span>
    </p>
   </div>
   <div class='ocr_carea' id='block_1_5' title="bbox 439 3751 1784 4736">
    <p class='ocr_par' dir='ltr' id='par_1_5' title="bbox 440 3751 1342 3848">
     <span class='ocr_line' id='line_1_27' title="bbox 440 3751 1342 3848; baseline 0.008 -27"><span class='ocrx_word' id='word_1_184' title='bbox 440 3771 471 3821; x_wconf 82' lang='lat'><strong>25</strong></span> <span class='ocrx_word' id='word_1_185' title='bbox 613 3775 672 3824; x_wconf 97' lang='lat'>22.</span> <span class='ocrx_word' id='word_1_186' title='bbox 703 3751 815 3823; x_wconf 77' lang='lat' dir='ltr'>Alter</span> <span class='ocrx_word' id='word_1_187' title='bbox 841 3753 1024 3848; x_wconf 72' lang='lat' dir='ltr'>episcopus</span> <span class='ocrx_word' id='word_1_188' title='bbox 1050 3776 1197 3847; x_wconf 81' lang='lat' dir='ltr'>sequens</span> <span class='ocrx_word' id='word_1_189' title='bbox 1224 3751 1342 3828; x_wconf 81' lang='lat' dir='ltr'>rr&#39;z&#39;cul:</span> 
     </span>
    </p>

    <p class='ocr_par' dir='ltr' id='par_1_6' title="bbox 610 3878 1017 3952">
     <span class='ocr_line' id='line_1_28' title="bbox 610 3878 1017 3952; baseline 0.005 -2"><span class='ocrx_word' id='word_1_190' title='bbox 610 3878 796 3952; x_wconf 92' lang='lat' dir='ltr'>Dominus</span> <span class='ocrx_word' id='word_1_191' title='bbox 815 3879 1017 3952; x_wconf 90' lang='lat' dir='ltr'>vobiscum.</span> 
     </span>
    </p>

    <p class='ocr_par' dir='ltr' id='par_1_7' title="bbox 501 4003 1783 4354">
     <span class='ocr_line' id='line_1_29' title="bbox 611 4003 1783 4102; baseline 0.001 -26"><span class='ocrx_word' id='word_1_192' title='bbox 611 4005 859 4078; x_wconf 91' lang='lat' dir='ltr'>Victoriosum</span> <span class='ocrx_word' id='word_1_193' title='bbox 893 4021 930 4078; x_wconf 90' lang='lat' dir='ltr'>te</span> <span class='ocrx_word' id='word_1_194' title='bbox 964 4021 1078 4102; x_wconf 90' lang='lat' dir='ltr'>atque</span> <span class='ocrx_word' id='word_1_195' title='bbox 1114 4003 1420 4100; x_wconf 88' lang='lat' dir='ltr'>triumphatorem</span> <span class='ocrx_word' id='word_1_196' title='bbox 1456 4004 1504 4078; x_wconf 90' lang='lat' dir='ltr'>de</span> <span class='ocrx_word' id='word_1_197' title='bbox 1540 4005 1783 4078; x_wconf 90' lang='lat' dir='ltr'>invisibilibus</span> 
     </span>
     <span class='ocr_line' id='line_1_30' title="bbox 501 4130 1783 4231; baseline -0.003 -24"><span class='ocrx_word' id='word_1_198' title='bbox 501 4152 614 4231; x_wconf 83' lang='lat' dir='ltr'>atque</span> <span class='ocrx_word' id='word_1_199' title='bbox 642 4130 845 4204; x_wconf 87' lang='lat' dir='ltr'>visibilibus</span> <span class='ocrx_word' id='word_1_200' title='bbox 873 4130 1042 4204; x_wconf 89' lang='lat' dir='ltr'>hostibus</span> <span class='ocrx_word' id='word_1_201' title='bbox 1070 4155 1218 4226; x_wconf 88' lang='lat' dir='ltr'>semper</span> <span class='ocrx_word' id='word_1_202' title='bbox 1244 4130 1384 4216; x_wconf 85' lang='lat' dir='ltr'>effitiat,</span> <span class='ocrx_word' id='word_1_203' title='bbox 1415 4147 1453 4204; x_wconf 91' lang='lat' dir='ltr'>et</span> <span class='ocrx_word' id='word_1_204' title='bbox 1480 4131 1596 4204; x_wconf 89' lang='lat' dir='ltr'>sancti</span> <span class='ocrx_word' id='word_1_205' title='bbox 1625 4132 1783 4204; x_wconf 90' lang='lat' dir='ltr'>nominis</span> 
     </span>
     <span class='ocr_line' id='line_1_31' title="bbox 502 4256 1781 4354; baseline -0.002 -22"><span class='ocrx_word' id='word_1_206' title='bbox 502 4260 559 4333; x_wconf 88' lang='lat' dir='ltr'>sui</span> <span class='ocrx_word' id='word_1_207' title='bbox 587 4260 756 4332; x_wconf 91' lang='lat' dir='ltr'>timorem</span> <span class='ocrx_word' id='word_1_208' title='bbox 785 4257 921 4354; x_wconf 87' lang='lat' dir='ltr'>pariter</span> <span class='ocrx_word' id='word_1_209' title='bbox 939 4272 977 4330; x_wconf 91' lang='lat' dir='ltr'>et</span> <span class='ocrx_word' id='word_1_210' title='bbox 998 4281 1162 4330; x_wconf 87' lang='lat' dir='ltr'>amorem</span> <span class='ocrx_word' id='word_1_211' title='bbox 1190 4257 1367 4330; x_wconf 91' lang='lat' dir='ltr'>continuo</span> <span class='ocrx_word' id='word_1_212' title='bbox 1394 4256 1494 4330; x_wconf 91' lang='lat' dir='ltr'>cordi</span> <span class='ocrx_word' id='word_1_213' title='bbox 1518 4271 1583 4330; x_wconf 92' lang='lat' dir='ltr'>tuo</span> <span class='ocrx_word' id='word_1_214' title='bbox 1603 4256 1781 4341; x_wconf 87' lang='lat' dir='ltr'>infundat,</span> 
     </span>
    </p>

    <p class='ocr_par' dir='ltr' id='par_1_8' title="bbox 439 4381 1784 4736">
     <span class='ocr_line' id='line_1_32' title="bbox 439 4381 1780 4479; baseline 0.001 -25"><span class='ocrx_word' id='word_1_215' title='bbox 439 4420 474 4470; x_wconf 82' lang='lat'>30</span> <span class='ocrx_word' id='word_1_216' title='bbox 502 4403 541 4460; x_wconf 91' lang='lat' dir='ltr'>et</span> <span class='ocrx_word' id='word_1_217' title='bbox 569 4387 604 4459; x_wconf 94' lang='lat' dir='ltr'>in</span> <span class='ocrx_word' id='word_1_218' title='bbox 625 4385 698 4458; x_wconf 84' lang='lat' dir='ltr'>fide</span> <span class='ocrx_word' id='word_1_219' title='bbox 718 4400 816 4458; x_wconf 88' lang='lat' dir='ltr'>recta</span> <span class='ocrx_word' id='word_1_220' title='bbox 843 4409 885 4456; x_wconf 90' lang='lat' dir='ltr'>ac</span> <span class='ocrx_word' id='word_1_221' title='bbox 904 4381 1012 4456; x_wconf 90' lang='lat' dir='ltr'>bonis</span> <span class='ocrx_word' id='word_1_222' title='bbox 1041 4383 1216 4479; x_wconf 91' lang='lat' dir='ltr'>operibus</span> <span class='ocrx_word' id='word_1_223' title='bbox 1235 4382 1542 4478; x_wconf 86' lang='lat' dir='ltr'>perseverabilem</span> <span class='ocrx_word' id='word_1_224' title='bbox 1571 4381 1712 4468; x_wconf 88' lang='lat' dir='ltr'>reddat,</span> <span class='ocrx_word' id='word_1_225' title='bbox 1732 4399 1780 4467; x_wconf 90' lang='lat' dir='ltr'>et,</span> 
     </span>
     <span class='ocr_line' id='line_1_33' title="bbox 503 4507 1784 4610; baseline -0.005 -24"><span class='ocrx_word' id='word_1_226' title='bbox 503 4538 594 4610; x_wconf 89' lang='lat' dir='ltr'>pace</span> <span class='ocrx_word' id='word_1_227' title='bbox 614 4512 650 4584; x_wconf 93' lang='lat' dir='ltr'>in</span> <span class='ocrx_word' id='word_1_228' title='bbox 669 4511 801 4583; x_wconf 92' lang='lat' dir='ltr'>diebus</span> <span class='ocrx_word' id='word_1_229' title='bbox 821 4510 894 4583; x_wconf 89' lang='lat' dir='ltr'>tuis</span> <span class='ocrx_word' id='word_1_230' title='bbox 915 4534 1104 4594; x_wconf 87' lang='lat' dir='ltr'>concessa,</span> <span class='ocrx_word' id='word_1_231' title='bbox 1125 4533 1209 4582; x_wconf 89' lang='lat' dir='ltr'>cum</span> <span class='ocrx_word' id='word_1_232' title='bbox 1229 4508 1352 4606; x_wconf 90' lang='lat' dir='ltr'>palma</span> <span class='ocrx_word' id='word_1_233' title='bbox 1370 4509 1544 4582; x_wconf 92' lang='lat' dir='ltr'>victoriae</span> <span class='ocrx_word' id='word_1_234' title='bbox 1573 4524 1609 4581; x_wconf 93' lang='lat' dir='ltr'>te</span> <span class='ocrx_word' id='word_1_235' title='bbox 1637 4507 1684 4581; x_wconf 88' lang='lat' dir='ltr'>ad</span> <span class='ocrx_word' id='word_1_236' title='bbox 1705 4533 1784 4604; x_wconf 91' lang='lat' dir='ltr'>per·</span> 
     </span>
     <span class='ocr_line' id='line_1_34' title="bbox 504 4635 1406 4736; baseline -0.006 -22"><span class='ocrx_word' id='word_1_237' title='bbox 504 4655 656 4736; x_wconf 89' lang='lat' dir='ltr'>petuum</span> <span class='ocrx_word' id='word_1_238' title='bbox 687 4661 843 4734; x_wconf 88' lang='lat' dir='ltr'>regnum</span> <span class='ocrx_word' id='word_1_239' title='bbox 872 4635 1060 4733; x_wconf 92' lang='lat' dir='ltr'>perducat.</span> <span class='ocrx_word' id='word_1_240' title='bbox 1092 4635 1162 4708; x_wconf 92' lang='lat' dir='ltr'>Per</span> <span class='ocrx_word' id='word_1_241' title='bbox 1191 4635 1406 4709; x_wconf 93' lang='lat' dir='ltr'>Dominum.</span> 
     </span>
    </p>
   </div>
   <div class='ocr_carea' id='block_1_6' title="bbox 551 4903 1659 5274">
    <p class='ocr_par' dir='ltr' id='par_1_9' title="bbox 551 4903 1659 5274">
     <span class='ocr_line' id='line_1_35' title="bbox 553 4903 1100 4985; baseline -0.007 -15"><span class='ocrx_word' id='word_1_242' title='bbox 553 4928 601 4985; x_wconf 90' lang='lat'>19.</span> <span class='ocrx_word' id='word_1_243' title='bbox 627 4907 712 4968; x_wconf 90' lang='lat' dir='ltr'>Men.</span> <span class='ocrx_word' id='word_1_244' title='bbox 739 4911 811 4980; x_wconf 86' lang='lat'><strong>261,</strong></span> <span class='ocrx_word' id='word_1_245' title='bbox 837 4905 930 4966; x_wconf 85' lang='lat' dir='ltr'>Mart.</span> <span class='ocrx_word' id='word_1_246' title='bbox 956 4903 1035 4968; x_wconf 92' lang='lat' dir='ltr'>Ord.</span> <span class='ocrx_word' id='word_1_247' title='bbox 1062 4905 1100 4966; x_wconf 91' lang='lat' dir='ltr'>V.</span> 
     </span>
     <span class='ocr_line' id='line_1_36' title="bbox 551 5000 1659 5078; baseline -0.007 -10"><span class='ocrx_word' id='word_1_248' title='bbox 551 5027 601 5068; x_wconf 89' lang='lat'><strong>20.</strong></span> <span class='ocrx_word' id='word_1_249' title='bbox 626 5007 712 5066; x_wconf 87' lang='lat' dir='ltr'>Men.</span> <span class='ocrx_word' id='word_1_250' title='bbox 735 5008 807 5076; x_wconf 87' lang='lat'><strong>262,</strong></span> <span class='ocrx_word' id='word_1_251' title='bbox 833 5003 928 5064; x_wconf 86' lang='lat' dir='ltr'>Gorb.</span> <span class='ocrx_word' id='word_1_252' title='bbox 958 5009 1029 5074; x_wconf 80' lang='lat'>106,</span> <span class='ocrx_word' id='word_1_253' title='bbox 1055 5005 1147 5065; x_wconf 88' lang='lat' dir='ltr'>Mart.</span> <span class='ocrx_word' id='word_1_254' title='bbox 1174 5002 1252 5064; x_wconf 94' lang='lat' dir='ltr'>Ord.</span> <span class='ocrx_word' id='word_1_255' title='bbox 1277 5003 1317 5072; x_wconf 91' lang='lat' dir='ltr'>V,</span> <span class='ocrx_word' id='word_1_256' title='bbox 1344 5001 1446 5066; x_wconf 89' lang='lat' dir='ltr'>Leofr.</span> <span class='ocrx_word' id='word_1_257' title='bbox 1473 5000 1559 5062; x_wconf 86' lang='lat' dir='ltr'>Miss.</span> <span class='ocrx_word' id='word_1_258' title='bbox 1588 5019 1659 5078; x_wconf 79' lang='lat'>23¹·</span> 
     </span>
     <span class='ocr_line' id='line_1_37' title="bbox 552 5101 1100 5176; baseline -0.007 -10"><span class='ocrx_word' id='word_1_259' title='bbox 552 5124 602 5166; x_wconf 87' lang='lat'><strong>21.</strong></span> <span class='ocrx_word' id='word_1_260' title='bbox 628 5105 712 5165; x_wconf 86' lang='lat' dir='ltr'>Men.</span> <span class='ocrx_word' id='word_1_261' title='bbox 740 5107 812 5176; x_wconf 88' lang='lat'><strong>261,</strong></span> <span class='ocrx_word' id='word_1_262' title='bbox 838 5103 931 5164; x_wconf 90' lang='lat' dir='ltr'>Mart.</span> <span class='ocrx_word' id='word_1_263' title='bbox 956 5101 1035 5164; x_wconf 93' lang='lat' dir='ltr'>Ord.</span> <span class='ocrx_word' id='word_1_264' title='bbox 1060 5103 1100 5163; x_wconf 93' lang='lat' dir='ltr'>V.</span> 
     </span>
     <span class='ocr_line' id='line_1_38' title="bbox 552 5199 1092 5274; baseline -0.011 -6"><span class='ocrx_word' id='word_1_265' title='bbox 552 5223 602 5268; x_wconf 89' lang='lat'>22.</span> <span class='ocrx_word' id='word_1_266' title='bbox 629 5203 712 5265; x_wconf 89' lang='lat' dir='ltr'>Men.</span> <span class='ocrx_word' id='word_1_267' title='bbox 734 5205 806 5274; x_wconf 89' lang='lat'><strong>262,</strong></span> <span class='ocrx_word' id='word_1_268' title='bbox 832 5201 924 5262; x_wconf 89' lang='lat' dir='ltr'>Mart.</span> <span class='ocrx_word' id='word_1_269' title='bbox 950 5199 1029 5266; x_wconf 92' lang='lat' dir='ltr'>Ord.</span> <span class='ocrx_word' id='word_1_270' title='bbox 1054 5200 1092 5262; x_wconf 90' lang='lat' dir='ltr'>V.</span> 
     </span>
    </p>
   </div>
   <div class='ocr_carea' id='block_1_7' title="bbox 0 0 2048 6116">
    <p class='ocr_par' dir='ltr' id='par_1_10' title="bbox 0 0 2048 6116">
     <span class='ocr_line' id='line_1_39' title="bbox 0 0 2048 6116; baseline 0 0"><span class='ocrx_word' id='word_1_271' title='bbox 0 0 2048 6116; x_wconf 95' lang='lat' dir='ltr'> </span> 
     </span>
    </p>
   </div>
  </div>
 </body>
</html>
