4078 6126
412 562 565 623 IORDO,
587 559 639 613 EX
658 561 805 612 CODlCE
826 560 1046 612 HERIBERTI
1067 557 1372 612 ARCHIEPISCOPI
1486 571 1532 607 ror

258 815 421 912 Virginis
451 813 592 886 Mariae
620 810 808 908 genitricis
828 810 900 883 Dei
920 835 962 883 ac
983 808 1135 882 Domini
1165 808 1279 881 nostri
1305 806 1412 879 lhesu
1436 804 1537 878 Chri-

259 943 315 1026 sti,
346 941 413 1014 sed
439 956 477 1012 et
502 938 797 1012 beatissimorum
826 935 1077 1033 apostolorum
1107 950 1145 1008 et
1173 950 1372 1029 martyrum
1391 949 1537 1004 tuorum

368 1067 463 1140 Petri
789 1062 973 1136 Vincentii
1215 1060 1373 1132 Victoris

369 1193 418 1264 Et
446 1188 548 1264 Pauli
792 1187 953 1261 Cornelii
1216 1184 1377 1257 Naboris

365 1319 541 1391 Andreae
790 1314 963 1410 Cypriani
1213 1311 1345 1385 Felicis
1584 1351 1599 1401 5

362 1442 487 1539 Jacobi
793 1437 998 1512 Clementis
1222 1435 1421 1530 Kalymerii

363 1567 540 1663 Johannis
791 1564 992 1662 Grisogoni
1219 1562 1378 1635 Materni

367 1694 535 1767 Thomae
787 1691 965 1787 Johannis
1217 1689 1404 1785 Eustorgii

365 1821 490 1915 Jacohi
794 1820 843 1891 Et
871 1817 973 1890 Pauli
1217 1813 1375 1888 Dionisii

370 1946 536 2044 Phylippi
793 1945 953 2018 Cosmae
1216 1942 1404 2015 Ambrosii
1570 1985 1602 2020 10

370 2070 617 2146 Bartholomei
796 2071 844 2142 Et
868 2068 1040 2142 Damiani
1219 2068 1443 2164 Simpliciani

371 2197 511 2271 Mathei
796 2193 1022 2293 Apollinaris
1222 2194 1371 2266 Martini

370 2323 544 2419 Symonis
795 2322 927 2396 Vitalis
1221 2321 1372 2394 Eusebii

372 2451 420 2525 Et
448 2451 616 2524 Thaddei
799 2451 943 2524 Nazarii
1225 2448 1366 2544 Hylarii

369 2577 472 2672 Syxti
795 2578 844 2651 Et
872 2575 972 2649 Celsi
1220 2574 1268 2646 Et
1298 2572 1376 2646 lulii
1570 2614 1600 2664 15

375 2703 561 2776 Laurentii
800 2705 953 2777 Protasii
1224 2699 1388 2772 Silvestri

372 2827 512 2926 Ypoliti
797 2831 846 2903 Et
874 2831 1041 2904 Gervasii
1224 2829 1272 2900 Et
1300 2827 1431 2922 Satyri,

267 2955 315 3027 Et
341 2957 506 3029 omnium
537 2955 756 3030 Sanctorum
777 2971 935 3060 tuorum,
957 2981 1113 3054 quorum
1136 2955 1273 3028 meritis
1296 2953 1541 3051 precibusque

264 3082 455 3166 concedas
481 3098 522 3155 ut
536 3082 571 3155 in
601 3083 774 3155 omnibus
794 3084 1031 3178 protectionis
1051 3099 1136 3155 tuae
1159 3082 1368 3155 muniamur
1394 3079 1539 3164 auxilio

265 3231 331 3301 per
360 3205 549 3281 Christum
580 3207 783 3281 Dominum
814 3225 992 3283 nostmm.
1571 3248 1605 3283 20

372 3356 407 3422 9.
436 3333 543 3406 Hanc
563 3334 675 3430 igitur
693 3333 929 3418 oblationem,
952 3359 1063 3429 quam
1084 3333 1147 3406 tibi
1169 3331 1356 3405 offerimus
1375 3333 1424 3405 ob
1443 3332 1540 3405 diem

264 3457 387 3530 ieiunii
422 3483 562 3532 coenae
597 3459 818 3544 dominicae,
857 3460 892 3530 in
927 3484 1002 3555 qua
1032 3458 1217 3531 Dominus
1253 3475 1379 3532 noster
1411 3458 1541 3532 lhesus

265 3582 434 3657 Christus
463 3583 577 3659 Filius
607 3602 692 3658 tuus
726 3586 760 3657 in
791 3610 888 3657 novo
917 3599 1140 3656 testamento
1177 3583 1403 3657 sacrificandi
1433 3585 1540 3656 ritum

264 3708 429 3796 instituit,
459 3710 547 3783 dum
567 3736 702 3809 panem
722 3737 764 3784 ac
792 3711 928 3794 vinum,
959 3711 1061 3806 quod
1091 3709 1364 3784 Melchisedech
1385 3711 1421 3784 in
1440 3735 1543 3806 prae·
1597 3769 1601 3778 .

266 3835 485 3932 figuratione
505 3837 614 3911 suturi
631 3837 791 3932 mysterii
813 3837 985 3910 sacerdos
1000 3835 1193 3934 optulerat,
1216 3837 1251 3908 in
1272 3852 1541 3910 sacramentum
1573 3865 1604 3914 25

266 3961 320 4033 sui
349 3962 513 4059 corporis
541 3979 580 4036 et
607 3963 800 4061 sanguinis
841 3962 1115 4035 transformavit
1147 3961 1386 4048 celebranda,
1424 3987 1542 4059 quae-

266 4111 404 4173 sumuS,
443 4087 625 4172 Domine,
661 4087 826 4183 placatus
855 4087 1022 4162 intende:
1054 4105 1094 4160 ut
1129 4113 1196 4183 per
1223 4086 1337 4161 multa
1369 4087 1545 4161 curricula

265 4237 445 4286 annorum
465 4210 553 4287 salvi
584 4230 621 4288 et
649 4215 850 4288 incolumes
879 4240 1032 4287 munera
1052 4232 1178 4288 nostra
1197 4215 1261 4287 tibi
1283 4215 1448 4287 Domino
1467 4239 1546 4285 me·

267 4362 411 4410 reamur
438 4337 569 4411 offerre
582 4367 589 4425 ;
610 4339 765 4437 diesque
795 4356 942 4414 nostros
970 4341 1005 4412 in
1029 4354 1092 4412 tua
1111 4365 1202 4435 pace
1222 4339 1408 4435 disponas,
1431 4354 1544 4435 atque

266 4463 312 4534 ab
340 4478 491 4538 aeterna
519 4491 588 4538 nos
616 4466 854 4540 damnatione
887 4465 988 4562 eripi,
1019 4481 1057 4538 et
1092 4465 1128 4537 in
1166 4463 1366 4538 electorum
1395 4481 1542 4538 tuorum
1573 4501 1607 4551 30

409 4739 499 4802 16-17.
514 4737 642 4792 Silvestri
656 4747 684 4792 et
698 4739 789 4805 Satyri
804 4756 860 4793 orn.
875 4741 935 4793 cod.
951 4739 1041 4806 Berg.
1058 4769 1085 4779 -
1100 4755 1144 4804 25.
1159 4737 1245 4792 suturi
1258 4737 1399 4805 misterii:
1416 4737 1542 4805 mysterii

337 4815 422 4871 futuri
448 4819 509 4872 cod.
539 4819 630 4886 Berg.
651 4851 683 4859 —
705 4823 749 4873 26.
770 4820 979 4873 transformavit
1007 4820 1191 4874 celebranda:
1212 4819 1432 4873 transformarit.
1462 4819 1543 4872 Cele-

338 4897 455 4953 branda.
476 4908 530 4953 etc.
551 4902 611 4954 cod.
632 4900 723 4967 Berg.

312 5167 340 5222 9·
369 5144 438 5208 Gel·
466 5165 528 5224 553
553 5143 621 5230 (⁶7)
645 5145 741 5207 Gerb·
769 5163 808 5222 73
833 5155 864 5206 et
889 5165 939 5224 75-
