4078 6126
417 500 536 553 ORAT.
557 501 685 554 SUPER
706 500 852 554 HOMlN.
873 500 946 566 QUI
967 501 994 552 A
1014 499 1230 553 DAEMONIO
1250 499 1446 554 VEXATUR
1537 513 1567 563 71

400 746 502 818 Reus
530 745 774 841 omnipotenti
806 744 901 831 Deo,
931 743 1035 818 cuius
1064 759 1201 818 statuta
1228 759 1483 842 transgressus
1511 769 1569 819 es:

294 897 377 946 reus
406 871 501 946 Filio
528 872 608 945 eius
632 870 745 966 Jhesu
776 851 935 958 Christe,
966 896 1079 967 quem
1108 884 1290 966 temptare
1317 892 1431 943 ausus
1459 893 1511 956 es,
1534 886 1572 944 et

293 997 504 1096 crucifigere
539 996 838 1094 praesumpsisti:
875 1021 960 1071 reus
996 996 1160 1070 humano
1194 995 1340 1093 generi,
1372 996 1428 1068 cui
1465 1021 1565 1070 mors

294 1125 364 1199 tuis
391 1123 694 1223 persuasionibus
715 1124 826 1198 venit.
847 1123 993 1199 Adiuro
1012 1140 1049 1198 te
1072 1148 1174 1222 erg0,
1197 1122 1308 1197 draco
1330 1123 1567 1219 nequissime,

295 1251 330 1324 in
359 1250 508 1325 nomine
535 1249 638 1348 Agni
667 1247 904 1336 immaculati,
934 1251 997 1347 qui
1035 1248 1237 1323 ambulavit
1264 1274 1376 1346 super
1402 1248 1570 1346 aspidem
1618 1263 1633 1313 ⁵

295 1392 333 1450 et
363 1375 591 1463 basiliscum,
622 1375 685 1473 qui
714 1373 940 1450 conculcavit
967 1374 1113 1450 leonem
1142 1391 1181 1449 et
1207 1374 1422 1460 draconem;
1452 1391 1493 1448 ut
1520 1375 1572 1448 di·

295 1501 423 1576 scedas
450 1500 498 1576 ab
527 1500 686 1588 homine,
711 1500 881 1574 discedas
908 1502 956 1575 ab
985 1499 1151 1574 Ecclesia
1187 1500 1270 1574 Dei.
1309 1499 1572 1575 Contremesce

293 1643 331 1700 et
357 1625 492 1725 effuge,
524 1625 693 1701 invocato
722 1625 872 1701 nomine
902 1625 1055 1699 Domini
1092 1624 1203 1711 illius,
1234 1651 1347 1723 quem
1376 1625 1480 1700 inferi
1503 1641 1574 1700 tre·

295 1767 408 1836 munt,
438 1751 495 1825 cui
517 1751 681 1826 Virtutes
713 1751 898 1826 caelorum
919 1766 958 1824 et
982 1751 1191 1825 Potestates
1219 1766 1257 1823 et
1286 1749 1572 1826 Dominationes

296 1878 482 1952 subiectae
509 1894 612 1965 sunt,
643 1904 755 1976 quem
785 1875 984 1973 Cherubyn
1013 1892 1051 1950 et
1077 1875 1259 1974 Seraphin
1289 1874 1484 1951 indefessis
1512 1904 1575 1952 vo·
1605 1901 1635 1938 ω

297 2005 399 2079 cibus
427 2004 589 2079 laudant.

403 2133 565 2228 Imperat
591 2130 656 2204 tibi
684 2131 849 2204 Verbum
877 2155 962 2203 caro
992 2129 1138 2204 factum.
1175 2131 1336 2227 Imperat
1362 2133 1427 2207 tibi
1464 2147 1573 2205 natus

296 2284 342 2333 ex
368 2258 533 2357 Virgine.
566 2259 727 2355 imperat
754 2257 818 2331 tibi
843 2257 977 2353 Jhesus
1006 2281 1218 2341 nazarenus,
1249 2259 1379 2354 quite,
1409 2284 1492 2332 cum
1522 2258 1574 2332 di·

296 2384 455 2482 scipulos
482 2383 563 2459 eius
590 2399 857 2469 contemneres
879 2381 1011 2456 elisum
1031 2397 1068 2456 et
1087 2397 1311 2478 prostratum
1340 2383 1440 2458 exire
1469 2384 1573 2458 iussit

296 2512 342 2585 ab
370 2509 536 2597 homine;
565 2536 641 2607 quo
671 2524 883 2606 praesente,
914 2533 997 2582 cum
1026 2523 1063 2582 te
1091 2506 1139 2582 ab
1167 2505 1316 2582 homine
1345 2525 1569 2606 separasset,
1603 2536 1634 2584 15

297 2661 363 2710 nec
381 2659 575 2733 porcorum
596 2660 751 2734 gregem
772 2633 1037 2732 praesumebas
1058 2634 1285 2731 contingere.
1309 2635 1457 2709 Recede
1480 2660 1572 2735 ergo

298 2788 393 2836 nunc
421 2762 610 2836 adiuratus
638 2763 674 2836 in
703 2761 853 2835 nomine
881 2761 972 2847 eiuS,
996 2760 1044 2834 ab
1072 2758 1223 2834 homine
1250 2786 1362 2859 quem
1391 2761 1471 2859 ipse
1499 2762 1573 2860 pla-

297 2889 437 2962 smavit.
462 2889 607 2962 Durum
626 2887 691 2962 tibi
711 2903 769 2961 est
787 2903 915 2961 contra
934 2885 1123 2960 stimulum
1142 2885 1338 2974 calcitrare,
1361 2887 1449 2985 quia
1475 2887 1573 2985 quic-

298 3014 385 3112 quid
413 3013 554 3088 tardius
588 3013 681 3100 exiS,
712 3012 932 3110 supplicium
961 3029 1066 3086 tuum
1095 3011 1241 3100 crescit,
1271 3013 1466 3110 quoniam,
1498 3038 1572 3086 non

298 3138 483 3213 hominem
512 3139 733 3224 contemnis,
764 3137 831 3212 sed
861 3137 961 3211 illum
995 3137 1058 3236 qui
1091 3137 1302 3212 dominator
1337 3138 1503 3212 vivorum
1536 3155 1575 3212 et
1604 3173 1638 3208 πυ

299 3281 525 3340 mortuorum
566 3280 640 3350 est,
684 3265 747 3361 qui
775 3279 952 3338 venturus
987 3280 1044 3338 est
1078 3262 1237 3337 iudicare
1279 3262 1467 3338 saeculum
1509 3291 1575 3362 per

299 3392 435 3490 ignem.
466 3392 597 3465 Amen.

442 3657 483 3707 14.
504 3649 702 3695 contemneres
721 3638 840 3692 elisum:
860 3655 937 3692 corr.
952 3656 992 3692 cx
1008 3637 1219 3705 contempneris
1232 3637 1371 3705 aelysum.
1392 3667 1427 3678 -
1448 3640 1490 3692 16.
1507 3655 1574 3692 cou-

368 3724 495 3790 tingere:
514 3723 605 3790 suppl.
635 3738 691 3775 itta.
706 3723 815 3788 poster.
835 3725 896 3788 sup.
926 3719 978 3774 lin.
1002 3748 1035 3758 -
1062 3735 1105 3773 20.
1135 3718 1309 3773 contemnis:
1339 3735 1417 3772 corr.
1440 3735 1480 3773 ex
1507 3736 1574 3773 con·

369 3803 503 3872 tcmpnis.
