4078 6126
674 509 702 562 II
722 509 843 574 ORDO,
865 509 916 564 EX
938 509 1123 564 BEROLDO
1143 511 1254 566 Novo
1553 521 1604 574 107

326 735 409 822 olei,
439 763 506 834 per
534 739 658 812 Deum
679 741 833 814 Patrem
862 741 1166 838 omnipotentem.
1183 737 1221 836 i)
1251 739 1334 812 Hoc
1349 737 1474 832 finito,
1510 737 1608 810 dicat

324 863 462 934 excetra
489 890 588 938 uoce:
618 865 803 948 Dominus
830 866 1031 940 vobiscum.

431 989 605 1084 Sequitur
623 991 809 1064 benedictio
827 993 998 1064 crc'smoe:
1029 993 1234 1066 Unanimes
1253 1008 1365 1090 atque
1384 991 1526 1064 cordes
1543 988 1602 1088 *ἢ

768 1117 958 1216 Praefatio
985 1120 1148 1193 erismae.

432 1242 617 1316 Dominus
644 1245 846 1330 vobiscum,
872 1234 917 1326 R]
939 1245 987 1319 Et
1013 1271 1097 1318 cum
1126 1245 1254 1342 spiritu
1284 1262 1359 1319 tuo.
1648 1299 1663 1348 5

430 1367 540 1441 lteru:
569 1369 724 1442 Sursum
752 1371 874 1456 corda,
906 1361 949 1476 id
982 1371 1177 1445 Habemus
1206 1371 1252 1444 ad
1284 1370 1499 1444 Dominum.

429 1493 542 1569 Item:
561 1496 709 1570 Gratias
727 1522 883 1594 agamus
905 1496 1070 1570 Domino
1089 1499 1175 1571 Deo
1195 1514 1331 1582 nostr0‚
1362 1487 1405 1602 ld
1434 1497 1599 1595 Dignum

322 1633 360 1691 et
387 1618 522 1693 iustum
551 1638 619 1696 est.

427 1747 621 1842 Sequitur:
645 1749 743 1824 Vere
772 1751 859 1846 quia
886 1749 1043 1847 dignum
1067 1766 1105 1824 et
1127 1749 1263 1824 iustum
1292 1765 1359 1836 est,
1381 1774 1543 1847 aequum
1563 1767 1601 1824 et

320 1870 489 1958 salutare,
523 1874 605 1946 Nos
633 1874 696 1960 tibi
721 1900 869 1972 semper
896 1875 1010 1948 hicet
1038 1874 1176 1972 ubique
1195 1875 1334 1972 gratias
1362 1900 1485 1973 agere,
1519 1878 1601 1951 Do·
1630 1934 1662 1970 ,0

320 1997 477 2072 minator
507 1999 669 2073 Domine
699 2002 815 2088 Deus,
848 2003 928 2074 Rex
958 2017 1099 2087 unctus
1131 2017 1258 2074 auctor
1286 2003 1478 2098 unguenti.
1495 2000 1579 2102 W)

426 2124 551 2198 Fr'rrc'ta
570 2126 809 2211 benedictione,
831 2153 969 2200 securum
988 2127 1119 2200 lcouore
1129 2136 1363 2223 procuretur,
1381 2155 1493 2225 usque
1510 2130 1597 2202 dcem

317 2249 437 2320 altera
464 2249 647 2348 (offeratur
669 2261 712 2325 ut
729 2254 853 2349 prior.

429 2383 463 2452 8.
493 2379 548 2452 Et
565 2380 691 2476 promo
707 2379 831 2476 satiat
855 2380 1095 2452 exorcisruum
1124 2379 1369 2476 benedicatque
1386 2407 1464 2454 eam
1491 2385 1602 2478 qrcosi

316 2507 495 2578 lectionem
523 2505 655 2600 legens.
1625 2556 1655 2605 15

427 2632 668 2704 Exoreismus
694 2630 764 2703 olei
781 2631 1133 2704 catechumenorum:
1153 2632 1330 2705 Exorcizo
1351 2648 1398 2709 te.
1429 2650 1595 2709 creatura

317 2761 399 2840 olei.
431 2761 466 2834 in
497 2760 646 2832 nomine
668 2759 739 2832 Dei
762 2759 888 2832 Patris.
905 2756 942 2854 ⁴³)
973 2759 1165 2854 Sequitur:
1187 2758 1372 2831 Dominus
1391 2761 1592 2834 vobiscum.

423 2885 627 2960 Benedictio
653 2884 740 2958 olei:
769 2885 875 2958 Deus
903 2883 1120 2958 sacramenti
1149 2882 1257 2956 huius
1287 2884 1456 2959 inventor
1482 2902 1595 2983 atque

316 3013 525 3109 dispositor.
542 3008 602 3108 W)
624 3011 701 3082 His
718 3012 838 3106 itaque
848 3011 1019 3107 peractis,
1040 3009 1158 3082 codem
1176 3010 1303 3083 ordine
1320 3019 1354 3082 et
1372 3011 1503 3094 decore,
1525 3038 1595 3107 quo

314 3147 402 3210 scrut
417 3137 555 3210 oblatae
582 3137 619 3208 iu
647 3136 835 3218 ecclesiam,
857 3133 1009 3208 redeant
1033 3133 1158 3206 acerbae
1184 3136 1299 3208 ,curcul
1314 3136 1351 3207 iu
1370 3137 1588 3218 sacrarium,
1623 3176 1656 3212 20

311 3273 346 3335 et
373 3272 445 3336 tota
474 3263 596 3335 Musa
616 3270 830 3358 peragatur
857 3260 984 3334 ordiue
1010 3287 1085 3334 suo

453 3491 480 3541 4.
504 3472 663 3529 Unanimes
676 3481 763 3540 atquc
782 3471 948 3526 concordes.
965 3471 1118 3540 Pr¹aesotio
1132 3473 1290 3527 chrismae:
1309 3490 1365 3527 om.
1389 3473 1411 3526 I.
1428 3504 1460 3510 —
1477 3489 1518 3527 12.
1540 3489 1591 3526 un-

383 3557 496 3622 guenti:
517 3571 595 3609 corr.
616 3570 655 3609 ex
674 3553 824 3620 unigeniti.

311 3757 372 3809 stet
387 3747 512 3810 easdem
537 3745 706 3808 convenire
730 3744 778 3806 vel
803 3765 874 3805 cum
900 3748 1043 3824 praeced.
1067 3747 1197 3818 Ordine,
1223 3748 1273 3809 vel
1296 3769 1368 3809 cum
1393 3749 1472 3811 Ord.
1496 3750 1588 3811 Rom.

310 3843 434 3925 i<>Ord.
461 3847 553 3907 Rom.
580 3851 631 3922 65,
657 3841 726 3904 Gel.
746 3861 806 3921 597
825 3845 927 3923 (118),
954 3845 1056 3906 Leosr.
1083 3846 1170 3907 Miss.
1198 3865 1270 3924 259,
1297 3847 1419 3912 Mabill.
1444 3847 1522 3908 Ord.
1548 3848 1587 3908 X.

309 3941 364 4024 **)
388 3955 422 4005 ut
446 3943 477 4005 in
502 3944 581 4005 Ord.
607 3941 749 4022 praeced.
797 3937 872 4020 ***)
897 3954 931 4004 ut
955 3942 986 4004 iu
1011 3944 1089 4005 Ord.
1115 3945 1258 4024 praeced.

355 4049 384 4104 8.
401 4039 525 4122 *)Ord.
545 4043 637 4103 Rom.
657 4046 706 4112 66,
725 4038 793 4100 Gel.
813 4058 873 4117 557
892 4041 972 4120 (72),
992 4042 1093 4103 Leosr.
1113 4043 1200 4104 Miss.
1220 4048 1293 4114 260,
1312 4043 1432 4105 Mabill.
1451 4045 1529 4106 Ord.
1547 4046 1587 4106 X.

353 4137 406 4226 **)
430 4151 464 4201 ut
492 4141 523 4201 in
548 4140 626 4200 Ord.
645 4138 788 4218 praeced.
804 4173 844 4182 —
864 4138 900 4199 In
934 4141 1008 4202 Ord.
1038 4143 1129 4203 Rom.
1150 4141 1236 4220 apud
1260 4143 1458 4222 Hittorpium
1482 4163 1511 4222 p.
1536 4162 1587 4222 70,

307 4239 376 4318 (qui
395 4238 545 4300 formulas
556 4239 773 4299 ambrosianas
788 4256 845 4314 pro
861 4236 1039 4298 chrismatis
1057 4250 1089 4301 et
1104 4238 1165 4300 olei
1182 4239 1479 4301 catechumenorum
1497 4241 1589 4303 bene-

306 4336 509 4409 dictionibus,
522 4357 605 4417 quae
616 4334 755 4405 eaedem,
774 4344 809 4395 ut
822 4334 970 4408 vidimus,
989 4347 1097 4398 extant
1113 4336 1144 4398 in
1161 4337 1361 4416 praecedenti
1378 4338 1515 4418 Ordine)
1526 4340 1588 4401 alia

307 4435 441 4497 sormula
454 4456 512 4516 pro
528 4434 590 4497 olei
607 4434 805 4495 infirmorum
818 4432 1040 4497 benedictione
1055 4435 1181 4516 legitur,
1198 4457 1294 4516 quam
1319 4456 1357 4497 ex
1381 4437 1492 4498 eodem
1518 4439 1588 4500 Hit·

305 4534 409 4614 torpio
426 4534 535 4596 hocin
552 4533 622 4595 loco
637 4532 786 4594 exhibere
803 4543 890 4610 puto,
915 4553 987 4594 cum
1012 4533 1111 4613 ipsam
1137 4534 1168 4595 in
1192 4534 1262 4596 aliis
1277 4533 1440 4596 codicibus
1456 4556 1520 4598 non
1544 4537 1588 4598 in·

303 4632 458 4695 venerim:

353 4755 370 4786 «
386 4733 563 4794 Benedictio
585 4733 648 4791 olei
667 4732 868 4792 ambrosiana
891 4732 936 4792 ad
948 4733 1130 4811 ungendum
1147 4740 1211 4794 tam
1228 4731 1374 4811 infirmos
1388 4751 1485 4811 quam
1501 4753 1586 4796 ener-

299 4849 475 4907 gumenos:
498 4828 651 4901 Domine,
667 4828 723 4909 qui
740 4827 848 4890 studio
863 4828 975 4890 salutis
990 4830 1149 4892 humanae
1163 4829 1315 4892 creaturis
1331 4827 1394 4890 tuis
1410 4829 1474 4891 vim
1492 4831 1583 4894 bene-

303 4927 453 4990 dictionis
468 4926 622 4999 indidisti,
640 4939 674 4988 ut
690 4928 731 4988 ad
747 4925 925 4988 animarum
943 4939 1122 4991 nostrarum
1141 4926 1398 4990 sanctificationis
1415 4927 1582 4991 utilitatem

302 5037 516 5088 creaturarum
534 5025 629 5088 etiam
645 5025 858 5104 corporalium
880 5025 1055 5088 ministerio
1079 5026 1194 5089 nostris
1217 5026 1303 5088 salus
1318 5026 1515 5105 temporibus
1531 5028 1584 5090 tri·

302 5125 461 5198 humetur,
475 5124 607 5186 infunde
619 5122 898 5186 sanctificationem
912 5134 998 5186 tuam
1012 5123 1087 5187 huic
1098 5125 1184 5188 oleo:
1202 5135 1237 5186 ut
1249 5125 1289 5186 ab
1302 5123 1352 5186 his
1364 5145 1446 5204 quae
1458 5127 1583 5189 unxerit

301 5224 453 5295 membra,
480 5222 597 5304 sugatis
620 5219 744 5283 insidiis
767 5221 965 5284 adversariae
989 5223 1162 5303 potestatis,
1187 5223 1386 5304 susceptione
1409 5225 1582 5302 praesentis
