4078 6126
636 1312 1175 1461 APPENDIX

875 1589 937 1648 AD

333 1765 1014 1910 PONTIFICALE
1062 1763 1324 1906 SAEC.
1377 1765 1480 1902 IX

400 2023 450 2122 u
483 2023 630 2124 ism
660 2022 951 2124 sccisssnu
979 2021 1413 2122 nisuomxmsrs

268 2731 419 2838 PRO
456 2558 1107 2872 CONSECVIIinIIIOIIVSE
1141 2729 1542 2836 OLEORUM.

675 2985 1141 3061 PRAENOTANDUM.

310 3171 463 3233 Ordinem
489 3167 736 3230 Ambrosianum
768 3167 800 3228 in
832 3167 1010 3230 chrismatis
1041 3169 1276 3231 consecratione
1303 3180 1334 3231 et
1364 3181 1543 3233 sanctorum

266 3270 407 3331 oleorum
431 3266 651 3330 benedictione
667 3265 810 3329 editurus
834 3267 919 3328 haud
943 3267 1080 3329 diffiteor
1104 3287 1167 3329 non
1191 3268 1291 3330 levem
1316 3269 1543 3340 difficultatem,

268 3389 349 3449 quae
371 3389 409 3430 ex
432 3364 645 3446 discrepantia
661 3364 794 3426 Ordinis
814 3365 912 3427 nostri
936 3386 1007 3426 curn
1032 3365 1173 3446 antiquis
1190 3367 1367 3429 Ordinibus
1391 3368 1545 3430 Romanis

266 3467 415 3540 occurrit;
432 3466 501 3528 eius
520 3465 672 3527 rationem
693 3464 824 3526 reddere
840 3463 962 3544 primus
978 3465 1157 3545 aggrediar,
1175 3465 1322 3546 quamvis
1339 3466 1543 3538 doctioribus,

267 3585 313 3626 ex.
336 3587 385 3646 gr.
410 3567 579 3644 Hz'tlorpio,
610 3564 685 3624 ord.
710 3563 812 3631 Rom..
838 3584 910 3644 pag.
937 3581 979 3641 70
1002 3574 1034 3625 et
1061 3583 1137 3644 seq,
1168 3566 1313 3637 Gerbert,
1339 3566 1493 3638 Menum,
1520 3565 1543 3634 1,

267 3685 296 3742 p.
321 3683 360 3742 72
385 3673 417 3726 et
440 3683 539 3743 seqq,
564 3681 685 3724 necnon
711 3662 899 3732 Muralon'o,
924 3665 1034 3742 Anlz'q.
1060 3663 1109 3728 M.
1133 3665 1224 3732 Aeni,
1250 3671 1269 3724 t.
1295 3665 1359 3734 IV,
1384 3663 1443 3724 col.
1470 3671 1542 3740 892,

266 3762 343 3823 ritus
367 3760 464 3823 nostri
488 3759 655 3822 diversitas
679 3759 887 3822 innotesceret
910 3782 948 3821 ex
971 3760 1205 3841 antiquioribus
1225 3761 1329 3832 codd,
1354 3772 1386 3822 et
1409 3762 1545 3822 maxime

265 3880 302 3920 ex
327 3859 461 3922 beroldo
485 3868 602 3924 nostro,
628 3859 708 3920 Rem
733 3858 945 3937 promodulo
969 3879 1041 3920 meo
1064 3859 1202 3928 tentabo,
1228 3859 1473 3938 sapientioribus
1501 3880 1546 3922 re-

267 3957 389 4039 liquens
412 3958 453 4020 de
477 3978 546 4019 mea
569 3955 724 4018 sententia
748 3955 919 4020 iudicium:
944 3967 975 4019 et
999 3957 1031 4018 in
1060 3957 1171 4037 primis
1202 3957 1354 4020 nonnulla
1385 3958 1545 4020 adnotabo

266 4077 303 4117 ex
326 4057 423 4120 veteri
447 4055 657 4120 ecclesiastica
680 4055 857 4135 disciplina.

311 4154 445 4219 Saeculo
475 4156 504 4216 V
536 4153 646 4218 saltem
678 4153 857 4234 incipiente,
890 4155 1102 4218 benedictioni
1135 4166 1314 4218 sanctorum
1347 4156 1489 4218 oleorum
1514 4167 1546 4217 et

267 4255 404 4334 profecto
426 4253 605 4317 chrismatis
629 4252 748 4314 nullam
777 4253 862 4315 diem
887 4264 999 4316 statam
1024 4254 1183 4336 fixamque
1215 4254 1327 4326 fuisse,
1360 4266 1483 4316 constat
1506 4275 1544 4315 ex

266 4375 331 4415 can.
356 4355 429 4415 XX
453 4354 590 4415 Concilii
619 4353 765 4414 Toletani'
780 4353 803 4414 I
809 4355 884 4431 ''(an.
911 4351 998 4438 400),
1023 4353 1077 4414 ubi
1103 4352 1185 4415 inter
1199 4353 1262 4414 alia
1284 4353 1415 4416 dicitur:
1436 4377 1453 4410 «
1471 4353 1545 4432 Epi-

270 4477 286 4507 «
302 4472 397 4532 scopo
420 4472 496 4513 sane
511 4461 631 4513 certum
656 4451 806 4530 estquod
823 4450 909 4512 omni
933 4462 1076 4531 ternpore
1093 4451 1165 4513 licet
1180 4451 1317 4514 chrisma
1341 4453 1504 4514 conficere.
1523 4477 1540 4510 >

267 4551 361 4612 Porro
385 4570 455 4613 mos
477 4549 593 4612 deinde
622 4548 756 4612 invaluit
779 4561 814 4612 ut
837 4550 1002 4612 dumtaxat
1026 4550 1058 4610 in
1081 4569 1179 4612 coena
1204 4549 1344 4620 Domini,
1369 4570 1441 4612 curn
1466 4549 1545 4610 oleis

267 4649 561 4712 catechumenorum
578 4658 609 4709 et
632 4648 839 4719 infirmorum,
864 4648 1001 4710 chrisma
1016 4648 1232 4718 conficeretur,
1251 4667 1314 4709 non
1339 4648 1435 4710 modo
1457 4648 1542 4727 apud

265 4746 399 4809 Graecos
414 4747 470 4809 sed
494 4747 579 4826 apud
604 4745 744 4816 Latinos,
770 4746 816 4807 uti
840 4757 963 4810 constat
986 4767 1024 4808 ex
1049 4745 1308 4808 Sacramentariis
1328 4745 1498 4808 Gelasiano
1513 4756 1545 4807 et

267 4843 472 4928 Gregoriano,
489 4856 520 4907 et
535 4843 765 4924 antiquissimis
789 4845 942 4908 Romanis
966 4844 1157 4916 Ordinibus;
1174 4844 1230 4906 sed
1245 4844 1363 4906 deinde
1385 4844 1479 4907 etiam
1504 4865 1543 4906 ex

267 4943 409 5006 Patribus
425 4964 544 5006 morem
561 4944 646 5005 hunc
662 4942 804 5006 Concilia
817 4964 896 5006 saec.
910 4944 989 5005 VIII
1003 4955 1034 5006 et
1048 4944 1094 5004 IX
1110 4953 1297 5014 statuerunt,
1311 4943 1357 5005 uti
1370 4954 1493 5008 constat
1505 4964 1544 5004 ex

271 5043 357 5104 Conc.
375 5043 535 5104 Meldensz'
554 5064 606 5112 aar,
631 5046 692 5119 845
714 5062 781 5102 can.
806 5049 862 5120 46:
885 5067 901 5098 «
919 5045 1021 5104 Nemo
1037 5053 1179 5104 sanctum
1204 5041 1351 5114 chrisma,
1375 5041 1433 5103 nisi
1459 5042 1490 5102 in
1511 5042 1540 5102 V

272 5140 377 5202 «seria
401 5141 529 5220 majoris
553 5139 756 5220 septimanae,
782 5140 863 5204 idest
887 5142 919 5202 in
943 5162 1049 5212 coena,
1067 5159 1150 5220 quae
1166 5139 1343 5220 specialiter
1366 5140 1545 5220 appellatur
