4078 6126
588 534 714 589 INDEX
734 535 959 594 ALPHABET.
979 539 1110 604 ORAT.,
1135 541 1220 596 ETC.

263 781 400 845 Domine
408 794 524 857 sancte,
534 785 844 866 Pateromnipotens,

369 891 496 945 aeterne
519 885 617 958 Deus,

324 980 511 1045 benedicere
530 983 664 1064 dignare
689 984 843 1047 famulum

369 1085 420 1157 36.
446 1101 496 1160 37,
523 1103 575 1160 39·

325 1179 511 1243 benedicere
526 1183 660 1264 dignare
684 1185 768 1248 hunc
790 1205 842 1264 35.

324 1277 663 1362 clemensetpropitius
671 1305 780 1363 preces
792 1306 842 1351 11.

324 1375 481 1440 honorum
504 1393 615 1443 auctor
636 1394 668 1444 et
694 1383 842 1446 distribu-

367 1485 418 1538 tor
440 1484 492 1556 46.

322 1593 442 1638 osanna
466 1577 497 1639 in
522 1578 654 1642 excelsis
677 1587 729 1659 69.

322 1673 377 1754 qui
401 1675 522 1738 caelum
547 1691 579 1740 et
601 1690 717 1742 terram
742 1701 794 1760 73.

321 1775 376 1854 qui
393 1796 450 1856 per
472 1777 619 1841 Chritum
637 1781 768 1860 Jhesum
787 1802 839 1861 37.

258 1871 394 1936 Domine
417 1887 533 1950 sancte,
558 1879 635 1958 spei,
661 1880 745 1954 fidei,
770 1903 840 1962 gra-

365 1972 427 2036 tiae
450 1996 504 2053 43.

256 2069 395 2132 Domum
419 2086 516 2148 tuam,
541 2097 734 2157 quaesumus
761 2101 811 2158 23.

256 2169 380 2233 Domus
403 2193 473 2235 mea
498 2195 527 2254 7.

254 2267 336 2330 Ecce
357 2270 438 2334 odor
462 2293 492 2350 9.

254 2367 427 2449 Elegerunt
450 2382 481 2434 te
504 2373 616 2437 fratres
638 2377 684 2439 tui
709 2398 762 2457 35.

254 2468 380 2541 Emitte,
406 2471 553 2546 Domine,
579 2475 735 2557 Spiritum
765 2488 834 2542 108.

253 2567 360 2631 Erexit
379 2569 478 2648 Jacob
503 2580 532 2640 8.

253 2667 376 2732 Exaudi
390 2673 529 2736 Domine
545 2697 653 2756 preces
665 2691 789 2745 nostras
804 2695 835 2745 et

363 2771 514 2835 famulum
539 2785 630 2838 tuum
656 2783 708 2845 62.

316 2888 411 2949 super
434 2871 518 2934 hunc
542 2895 594 2952 41.

251 2967 373 3030 Exaudi
398 2990 465 3043 nos,

314 3067 515 3148 omnipotens
571 3087 602 3136 et
656 3076 833 3139 misericors

359 3166 457 3240 Deus,
482 3180 517 3230 ut
541 3176 593 3250 65.

314 3283 528 3343 quaesumus,
565 3272 704 3335 Domine
744 3275 833 3338 Deus

358 3375 472 3438 noster,
497 3379 529 3430 et
551 3391 647 3451 super
669 3377 722 3450 46.

248 3461 401 3526 Exorcizo
424 3475 464 3538 te,
488 3481 632 3531 creatura

311 3582 414 3642 aquae
436 3564 468 3626 in
493 3567 623 3630 nomine
646 3591 676 3647 4,
703 3589 755 3648 72.

312 3680 414 3741 aquae
437 3685 494 3742 per
518 3667 624 3728 Deum
653 3687 681 3744 5.

310 3758 829 3848 oleiperDeumPatrem107,1o9.

310 3859 372 3921 olei
396 3860 428 3922 in
453 3863 581 3925 nomine
606 3865 665 3926 Dei
695 3885 766 3945 107.

288 3953 386 4021 'salis
409 3979 465 4039 per
489 3962 593 4024 Deum
618 3985 648 4042 4,
675 3984 727 4043 72.

247 4057 399 4121 Exorcizo
429 4072 460 4122 te
484 4060 738 4126 immundissime
769 4065 832 4145 spi·

356 4156 435 4221 ritus
463 4167 533 4223 108.

244 4255 412 4330 Extendat,
435 4259 637 4339 omnipotens
662 4261 759 4334 Deus,
777 4262 829 4324 de-

352 4364 471 4419 xteram
501 4365 572 4424 128.

245 4455 441 4518 Exultabunt
464 4457 563 4520 sancti
590 4478 641 4536 24.

243 4551 386 4634 Exurgat
411 4555 499 4617 Deus
524 4561 553 4620 6.

957 788 1046 850 Haec

1021 885 1122 957 nobis,
1146 885 1294 958 Domine,
1317 905 1448 948 numera
1470 907 1539 965 130.

1020 1007 1079 1048 nos
1101 984 1285 1050 communio
1311 1004 1363 1063 54.

955 1085 1048 1146 Hanc
1071 1085 1171 1166 igitur
1192 1082 1429 1150 oblationem...

1018 1183 1113 1246 etiam
1139 1203 1197 1264 pro
1220 1181 1341 1244 famulo
1363 1194 1419 1245 tuo
1444 1205 1539 1264 quem

1063 1284 1104 1345 ad
1127 1283 1329 1364 episcopatus
1353 1302 1405 1361 53.

1019 1381 1157 1444 famulae
1179 1393 1253 1444 tuae
1278 1401 1328 1460 59,
1347 1387 1400 1447 60.

1018 1479 1209 1544 famulorum
1233 1492 1362 1542 tuorum
1389 1486 1441 1546 66.

1017 1580 1059 1640 ob
1093 1578 1178 1641 diem
1207 1578 1304 1641 ieunii
1340 1599 1458 1641 coenae
1484 1581 1538 1642 do-

1062 1679 1197 1742 minicae
1225 1699 1294 1741 101.

950 1775 986 1837 In
1011 1777 1140 1838 nomine
1161 1777 1305 1843 Patris...

1016 1896 1145 1956 ungueo
1168 1887 1201 1939 te
1224 1897 1276 1954 53.

1016 1974 1116 2054 prosit
1139 1974 1197 2036 tibi
1225 1995 1296 2053 132.

950 2072 1093 2135 Introibo
1115 2073 1157 2136 ad
1180 2074 1279 2136 altare
1303 2081 1332 2136 8.

948 2171 1021 2250 Ipse
1044 2170 1112 2243 tibi,
1138 2192 1332 2252 quaesumus
1356 2180 1407 2250 98.

949 2269 1053 2349 Ipsius
1076 2284 1279 2351 praeceptum
1303 2283 1351 2334 est
1375 2291 1445 2349 103.

948 2371 1164 2452 Magnificare,
1190 2372 1329 2434 Domine
1362 2374 1451 2435 Deus
1481 2395 1534 2436 no-

1058 2481 1122 2532 ster
1146 2491 1175 2548 3.

947 2573 1091 2645 Munera,
1106 2572 1253 2644 Domine,
1274 2593 1467 2652 quaesumus
1479 2575 1533 2637 ob·

1056 2669 1119 2733 lata
1142 2669 1302 2733 sanctifica
1331 2691 1402 2749 130.

946 2768 1091 2831 Narrabo
1114 2789 1230 2831 nomen
1255 2787 1284 2846 7.

944 2865 1070 2929 Oblatis
1094 2867 1214 2939 hostiis,
1240 2867 1379 2929 Domine
1404 2889 1455 2948 59.

944 2963 1059 3027 Officio
1083 2978 1208 3029 nostrae
1231 2966 1431 3048 indignitatis
1458 2989 1530 3049 133.

943 3063 1156 3145 Omnipotens
1179 3077 1306 3128 aeterne
1323 3067 1420 3139 Deus,
1446 3088 1529 3130 crea·

1053 3176 1104 3228 tor
1125 3166 1268 3228 omnium
1298 3187 1369 3232 112.

944 3262 1158 3343 Omnipotens
1182 3265 1271 3328 Deus

1009 3360 1064 3422 det
1087 3361 1145 3423 tibi
1175 3369 1246 3427 118.

1009 3461 1064 3540 qui
1088 3481 1145 3524 vos
1168 3462 1323 3525 hodierna
1348 3469 1400 3528 88.

1007 3561 1149 3623 Trinitas
1172 3561 1393 3641 inseparabilis
1418 3581 1467 3622 21.

940 3661 1528 3744 OmnipotensdominatorChriste19.

941 3759 1155 3840 Omnipotens
1177 3773 1209 3824 et
1233 3760 1412 3823 misericors
1429 3761 1527 3832 Deus,

1051 3859 1107 3939 qui

1007 3958 1143 4020 famulos
1165 3969 1238 4020 tuos
1260 3956 1319 4019 alis
1343 3964 1394 4036 76.

1006 4056 1223 4121 necessitatem
1249 4077 1300 4138 77.

1005 4177 1062 4236 per
1084 4169 1197 4220 cuncta
1219 4155 1356 4219 diffusus
1384 4162 1436 4235 76.

1004 4255 1124 4336 populo
1148 4268 1204 4318 tuo
1229 4259 1281 4334 76.

1004 4357 1222 4419 sacerdotibus
1246 4356 1309 4419 tuis
1334 4375 1387 4434 75.

939 4453 1151 4535 Omnipotens
1173 4465 1205 4517 et
1228 4453 1408 4516 misericors
1425 4454 1523 4526 Deus,

1003 4554 1196 4634 sempiterna
1218 4551 1357 4615 dulcedo
1382 4569 1435 4630 77.

244 4652 332 4714 Haec
879 4658 881 4677 '
938 4650 1150 4731 Omnipotens
1173 4649 1364 4730 sempiterne
1389 4649 1477 4711 Deus

309 4749 456 4823 Domine,
466 4750 621 4824 salutaris,
629 4753 824 4816 Sacramenti
878 4720 880 4863 ἰ
1005 4751 1186 4812 affluentem
1204 4747 1359 4830 Spiritum
1377 4769 1429 4825 91,
1453 4767 1523 4826 134.

355 4869 427 4927 131.
877 4870 880 4952 j
1004 4851 1102 4915 altare
1126 4851 1247 4914 nomini
1271 4861 1328 4913 tuo
1354 4856 1403 4913 26.

306 4962 353 5012 est
376 4951 540 5032 generatio
564 4972 617 5030 31.
877 4964 879 4983 ¹
1003 4952 1094 5014 cuius
1117 4962 1261 5015 sanctum
1290 4971 1341 5017 21.

305 5047 419 5122 hostia,
453 5049 600 5122 Domine,
632 5069 825 5130 quaesumus
876 5036 878 5113 ἒ
1003 5050 1074 5112 sons
1096 5061 1127 5113 et
1150 5051 1243 5132 origo
1271 5068 1341 5120 120,
1371 5069 1441 5127 131.

350 5147 503 5210 emundet
527 5167 577 5227 53.
874 5118 878 5228 i
1005 5148 1107 5212 insere
1130 5160 1162 5213 te
1186 5169 1240 5229 73.
