4078 6126
532 531 666 585 SERMO
688 530 728 583 IN
751 529 1028 582 DEDICATIONE
1049 528 1267 582 ECCLESIAE
1507 529 1541 590 85

260 804 389 851 aurum
419 778 599 851 infinitum
630 777 747 862 nimis
780 777 816 851 id
847 793 905 850 est
933 777 1117 874 integrum
1146 776 1183 849 in
1212 802 1253 850 se
1281 775 1544 874 reconsignant

262 904 323 1000 pio
351 901 619 977 inaestimabile
646 903 805 999 pretium
838 902 1074 999 redemptori,
1104 901 1328 998 spiritalibus
1356 901 1476 975 cordis
1506 917 1544 974 et

261 1029 424 1124 corporis
438 1027 687 1102 oblationibus
705 1027 883 1124 placitura
898 1045 939 1102 ut
957 1028 1077 1125 possit
1094 1026 1308 1101 caelestium
1324 1026 1543 1101 mirabilium
1610 1041 1614 1054 ·

263 1155 458 1229 inserenda
474 1180 603 1228 vocem
622 1154 860 1252 propheticae
888 1153 1124 1229 exultationis
1143 1153 1356 1227 adsumere:
1379 1153 1544 1227 lntroibo

263 1281 298 1353 in
332 1281 485 1355 domum
518 1297 618 1354 tuam
656 1307 739 1353 cum
773 1279 1013 1366 holocaustis;
1049 1296 1135 1354 tunc
1168 1280 1278 1353 beata
1313 1295 1352 1352 et
1383 1277 1545 1351 inlustris
1574 1304 1589 1354 5

262 1406 384 1480 anima
413 1407 508 1480 inter
535 1405 739 1503 stupendas
767 1406 1052 1481 remuneratoris
1081 1405 1136 1479 sui
1171 1403 1370 1478 constituta
1397 1403 1543 1476 divitias

266 1530 516 1606 ineffabilibus
544 1532 696 1629 reginae
724 1531 833 1605 huius
861 1532 983 1605 verbis
1011 1531 1064 1605 uti
1101 1530 1148 1604 ad
1179 1530 1303 1602 Deum
1333 1529 1469 1626 poterit
1494 1529 1545 1601 di-

262 1683 369 1730 cens:
409 1658 554 1732 hlaiora
588 1674 675 1730 sunt
709 1682 824 1754 opera
854 1674 919 1730 tua
953 1682 1065 1755 quam
1101 1681 1226 1728 rumor
1261 1681 1373 1752 quem
1401 1655 1544 1740 audivi;

263 1784 332 1857 hoc
360 1799 418 1857 est
445 1784 586 1858 dicere:
619 1784 655 1856 Ο
691 1784 865 1871 Domine,
896 1784 944 1857 de
972 1782 1275 1856 retributionibus
1307 1783 1380 1855 tuis
1408 1806 1545 1880 magna

265 1907 416 2003 quidem
444 1934 593 2005 sperare
619 1910 861 2007 praesumpsi,
884 1910 951 1983 sed
977 1909 1116 1982 maiora
1138 1908 1297 2006 percepi.
1322 1907 1445 1980 Vincit
1472 1931 1545 1979 ma·
1576 1940 1608 1976 10

263 2032 396 2106 niseste
434 2060 546 2130 quam
580 2060 692 2108 cerno
720 2034 926 2109 dulcedinis
968 2033 1280 2132 magnitudinem:
1309 2032 1545 2131 cogitationis

264 2185 368 2234 meae
396 2185 547 2234 sensum
576 2178 727 2258 superat
754 2163 1021 2260 expectationis
1058 2161 1241 2235 aflectum.
1273 2161 1321 2232 Et
1349 2184 1476 2233 revera
1509 2157 1545 2230 id

264 2285 365 2383 quod
394 2304 499 2383 parat
528 2288 634 2361 Deus
662 2287 903 2387 diligentibus
933 2314 985 2374 se,
1008 2287 1081 2361 fide
1105 2311 1179 2360 non
1209 2285 1543 2384 comprehenditur,

265 2437 332 2509 spe
361 2437 434 2485 non
463 2412 686 2511 adtingetur,
717 2415 867 2488 caritate
897 2439 970 2488 non
996 2415 1148 2511 capitur,
1180 2413 1363 2487 desideria
1394 2429 1433 2486 et
1459 2427 1546 2485 vota

265 2537 550 2636 transgreditur;
579 2539 722 2634 adquiri
752 2556 885 2637 potest,
916 2540 1100 2614 aestimari
1126 2566 1199 2614 non
1229 2555 1363 2636 potest.
1395 2537 1546 2610 Videbit
1576 2566 1607 2616 1⁵

266 2662 377 2738 homo
406 2665 535 2738 merita
554 2691 622 2738 sua
640 2667 690 2739 ob
709 2665 1007 2763 insuspicabilem
1030 2667 1312 2740 retributionum
1335 2663 1543 2763 largitatem

265 2788 492 2864 decrescere:
523 2789 674 2865 habebit
708 2790 756 2865 de
784 2792 1022 2888 perceptione
1059 2791 1250 2878 fructuum,
1290 2817 1362 2864 non
1393 2789 1545 2864 habebit

266 2913 312 2987 de
332 2916 506 2990 sacietate
526 2916 724 2991 fastidium.
749 2917 811 2990 Ad
831 2943 928 3016 quae
947 2917 1046 2992 bona
1067 2943 1135 2992 nos
1163 2917 1351 3015 perducat,
1374 2917 1437 3014 qui
1457 2916 1544 2988 vivit

266 3056 303 3112 et
331 3057 463 3138 regnat
492 3042 527 3114 in
557 3042 704 3116 saecula
731 3043 961 3117 saeculorum
990 3047 1121 3118 Amen.
1139 3041 1176 3143 *)

294 3175 620 3251 BENEDICTIO
656 3179 710 3251 lN
747 3179 1121 3253 DEDICATIONE
1155 3175 1516 3277 ECCLE81AE.*)
1574 3203 1607 3240 20

377 3327 407 3375 r.
429 3302 535 3376 Deus
555 3304 701 3400 pietatis
721 3304 912 3378 exordium
933 3322 1046 3403 atque
1067 3306 1253 3403 perfectio,
1275 3306 1416 3403 respice
1435 3330 1547 3401 super

267 3427 360 3501 hanc
388 3427 562 3502 familiam
591 3445 710 3503 tuam:
741 3447 854 3529 atque
882 3457 965 3505 eam
993 3433 1105 3504 armis
1135 3431 1372 3529 spiritalibus
1404 3431 1548 3528 integra

268 3554 481 3640 munitione,
511 3555 698 3630 confirma.
720 3558 852 3630 Antan.
882 3558 934 3631 Ut
960 3557 1071 3655 galea
1101 3557 1232 3632 salutis
1250 3559 1371 3654 capita
1394 3556 1467 3630 fida
1486 3557 1550 3629 cir-

268 3693 472 3776 cumtegat:
503 3679 643 3777 clipeus
671 3681 756 3755 fidei
787 3699 978 3779 pectorum
1013 3683 1173 3758 archana
1199 3699 1408 3758 conservet:
1438 3685 1550 3757 conti-

269 3803 393 3876 nentia
434 3803 580 3878 lumbos
625 3807 790 3902 pretiosa
831 3807 982 3904 pudoris
1024 3834 1118 3882 zona
1161 3809 1371 3883 circumdet.
1416 3811 1548 3882 Amen.
1580 3827 1612 3876 25

408 4041 436 4092 4.
457 4042 574 4080 vocem:
595 4043 673 4081 corr.
695 4044 735 4081 ex
755 4043 836 4082 voce.
857 4059 893 4068 —
915 4043 942 4094 7.
964 4029 1072 4084 verbis:
1094 4047 1171 4086 corr.
1191 4047 1231 4085 ex
1251 4031 1340 4085 verbi.
1362 4061 1393 4071 -
1419 4047 1461 4086 ιο.
1482 4031 1551 4085 Vin·

340 4105 377 4160 cit
397 4106 561 4160 manifeste:
586 4125 666 4161 corr.
686 4125 726 4163 es·
746 4109 828 4162 vince
847 4109 1006 4164 manifesta.
1027 4143 1059 4150 -
1088 4129 1129 4177 13.
1152 4113 1245 4165 Deus:
1265 4129 1342 4166 corr.
1362 4129 1402 4165 ex
1423 4114 1496 4166 Deo.
1518 4143 1552 4151 -

342 4191 384 4242 16.
405 4187 444 4242 ob
462 4187 699 4255 insuspicabilem
714 4189 933 4244 retributionum
948 4191 1122 4258 largitatem:
1143 4209 1206 4246 cum
1224 4193 1307 4247 edilis
1325 4209 1402 4246 corr.
1422 4211 1461 4246 es·
1476 4193 1552 4246 insu-

341 4268 507 4334 spicabilem
528 4269 744 4324 retributionem
765 4270 904 4337 largitate.

314 4448 346 4536 *l
370 4453 461 4532 Quae
484 4464 669 4533 sequuntur,
695 4464 763 4515 tum
780 4474 818 4515 ex
839 4453 941 4515 forma
956 4464 1160 4526 caracterum,
1185 4465 1253 4517 tum
1271 4477 1309 4517 ex
1325 4456 1550 4519 distributione

272 4549 427 4623 soliorum,
444 4551 485 4613 ad
511 4550 695 4614 Pontificale
719 4562 861 4614 nostrum
894 4553 1029 4615 diversis
1044 4553 1241 4633 temporibus
1261 4555 1428 4616 accessisse
1452 4565 1548 4635 patet,

272 4659 409 4711 attamen
432 4661 505 4712 ante
528 4670 607 4712 saec.
626 4651 683 4723 Xl,
702 4650 749 4711 uti
774 4649 836 4712 iam
860 4672 956 4732 supra
980 4652 1086 4714 notavi
1104 4653 1135 4713 in
1151 4652 1355 4715 annotatione
1370 4653 1548 4716 orationum

273 4747 313 4808 ad
337 4749 495 4811 Abbatem
527 4748 779 4811 benedicendum
805 4747 847 4830 (p.
874 4750 928 4836 54)
951 4761 983 4812 et
1005 4751 1046 4812 ad
1077 4751 1353 4814 consecrationem
1378 4753 1548 4832 Virginum

273 4843 316 4926 (p.
341 4846 410 4932 56):
434 4847 514 4909 sorte
536 4846 708 4909 nonnullae
732 4848 969 4911 benedictiones
991 4849 1032 4911 ad
1055 4870 1134 4912 saec.
1158 4849 1203 4910 lX
1220 4849 1327 4912 referri
1351 4851 1477 4922 debent,
1504 4851 1548 4913 uti

273 4965 293 5006 a
314 4945 445 5008 uncialis
466 4946 584 5008 formae
600 4966 768 5008 occurrens
784 4947 816 5008 in
833 4967 897 5028 seq.
923 4949 1047 5019 bened,
1072 4949 1112 5010 ad
1137 4949 1247 5011 verba:
1271 4951 1316 5011 ad
1335 4971 1480 5029 regnum,
1506 4951 1550 5010 in·

273 5043 377 5106 dicare
399 5043 534 5106 videtur.

322 5139 397 5222 1.*)
421 5143 471 5204 De
494 5143 544 5204 his
567 5143 842 5207 benedictionibus
857 5145 1089 5226 episcopalibus
1114 5143 1145 5206 in
1172 5147 1270 5210 Missa
1290 5147 1461 5229 pontificali
1487 5147 1548 5209 iam
