4084 6128
516 527 589 565 xrru
1040 513 1266 567 PRAEFATIO

517 627 901 636 ——u-——mo—-m
1271 630 1330 636 --
1354 629 1368 636 a.
1397 630 1507 636 ——-
1530 630 1625 638 -—-
1653 631 1715 638 --—-
1735 631 1793 639 -..-

516 762 628 833 menti
654 761 797 838 luerint.
820 783 917 855 quae
945 776 1135 832 auctorum
1158 761 1306 832 nomine
1325 762 1449 857 potius
1468 787 1579 858 quarn
1600 785 1795 858 argumen-

515 903 635 958 torum
664 886 844 982 gravitate
874 884 1045 958 suffultae
1073 885 1263 980 hucusque
1291 886 1605 959 circumferuntur.

625 1013 769 1085 Omnes
789 1011 1024 1084 ecelesiarum
1043 1011 1241 1108 Liturgiae,
1264 1028 1450 1108 quotquot
1468 1028 1604 1093 extant,
1632 1014 1681 1086 ita
1701 1013 1795 1086 inter

515 1167 555 1213 se
583 1139 801 1212 coniunctae
830 1154 926 1220 sunt,
959 1154 999 1209 ut
1025 1138 1170 1210 nonnisi
1195 1163 1240 1210 ex
1269 1136 1436 1235 diligenti
1466 1138 1668 1211 earundem
1698 1164 1794 1212 com-

516 1266 707 1361 paratione
736 1290 861 1337 earum
892 1263 1022 1336 notitia
1050 1287 1136 1335 vera
1170 1263 1308 1358 acquiri
1343 1263 1477 1358 possit:
1509 1263 1575 1336 sed
1606 1281 1646 1336 ut
1674 1265 1709 1336 id
1739 1289 1795 1336 as-

515 1414 724 1486 sequamur,
757 1390 792 1461 in
823 1388 959 1484 primis
991 1402 1171 1483 quantum
1202 1385 1257 1458 sas
1286 1403 1353 1472 est,
1383 1387 1540 1460 conferri
1569 1388 1709 1461 debent
1737 1415 1795 1462 co-

514 1517 625 1599 dices,
650 1515 747 1612 iique
771 1515 949 1611 puriores,
981 1538 1056 1608 qua
1085 1511 1250 1607 prolecto
1278 1513 1537 1610 praerogativa
1565 1514 1706 1610 pollent
1733 1541 1795 1588 an-

516 1641 624 1738 tiqui:
647 1640 748 1736 quod
768 1657 979 1736 opportune
999 1637 1266 1712 demonstravit
1293 1636 1337 1711 cl.
1358 1639 1410 1712 D.
1439 1640 1596 1720 Cerauni,
1621 1642 1655 1714 in
1686 1643 1795 1716 citata

516 1767 671 1848 Notion,
703 1766 764 1838 ubi
795 1766 947 1863 egregie
984 1763 1147 1836 ostendit
1182 1779 1317 1835 rectam
1347 1764 1442 1837 viam
1471 1765 1517 1837 ad
1547 1767 1728 1864 originem
1759 1787 1796 1842 et

517 1908 684 1964 naturam
714 1889 884 1986 liturgiae
914 1905 1062 1961 nostrae
1092 1887 1361 1983 inquirendam.

627 2018 712 2112 lpse
740 2031 941 2112 apparatus
968 2013 1113 2087 criticus
1141 2037 1216 2107 quo
1245 2028 1368 2085 tantus
1399 2015 1581 2110 Magister
1602 2017 1794 2093 Canonem

519 2145 658 2215 Missae
679 2141 949 2213 Ambrosianae
971 2137 1170 2222 illustravit,
1202 2162 1260 2209 rne
1280 2138 1466 2223 deterruit,
1498 2159 1538 2214 ut
1558 2141 1667 2214 talem
1698 2113 1795 2218 labo-

517 2294 592 2341 rem
614 2268 856 2362 susciperem;
877 2265 942 2337 sed
963 2281 1086 2336 tamen
1111 2287 1183 2334 non
1204 2262 1394 2358 impedivit
1413 2267 1620 2360 quominus
1628 2292 1795 2364 pararem

516 2393 743 2466 doctioribus
772 2390 901 2463 saltem
930 2389 1114 2486 quaedam
1146 2389 1345 2483 Lilurgrire
1368 2391 1636 2466 Ambrosr'anae
1664 2397 1798 2468 alsonu-

516 2530 645 2601 menla,
667 2543 764 2616 quae
784 2534 913 2614 utpote
942 2517 978 2589 in
1008 2515 1141 2611 pluteis
1161 2514 1337 2588 ecclesiae
1358 2535 1504 2590 nostrae
1523 2523 1796 2596 accuratissime

516 2645 716 2725 custodita,
749 2642 817 2740 illis
850 2642 1027 2737 impervia
1055 2641 1246 2736 bucusque
1276 2640 1437 2721 suerunt,
1469 2660 1507 2716 et
1535 2643 1627 2718 sorte
1657 2673 1796 2742 perma-

518 2785 657 2842 nerent.

626 2895 752 2988 Quare
781 2893 939 2988 primum
969 2891 1063 2963 inter
1090 2891 1236 2964 codices
1264 2891 1514 2965 exhibendum
1548 2912 1674 2990 putem
1705 2899 1796 2970 Pon-

518 3019 650 3115 tificale
681 3019 950 3091 rlledroluneuse
977 3016 1078 3113 quod
1116 3041 1211 3090 nunc
1242 3017 1358 3112 prima
1390 3018 1469 3092 vice
1501 3021 1637 3100 editur.
1671 3025 1796 3119 paucis

519 3170 716 3242 exponant

626 3271 665 3343 Si
693 3271 814 3342 Carum
836 3273 985 3351 ullusne,
1009 3271 1121 3343 totius
1143 3269 1305 3343 blissalis
1329 3297 1473 3343 summa
1492 3273 1715 3345 considerari
1737 3300 1800 3369 po-

517 3415 606 3488 test:
640 3395 866 3483 l'ontificale,
902 3399 1019 3494 prima
1052 3415 1137 3493 post
1172 3399 1364 3470 Canonem
1400 3423 1483 3492 pars
1516 3397 1798 3473 Sacramentarii

518 3525 644 3598 haberi
681 3525 810 3598 debet:
847 3543 883 3598 et
919 3552 1045 3599 revera
1088 3529 1366 3599 Sacramentum
1407 3526 1559 3598 Ordinis
1596 3529 1630 3599 in
1674 3529 1800 3624 primis

519 3652 680 3748 respicit,
717 3669 753 3724 et
787 3653 876 3724 ritus
905 3651 1204 3732 sacramentales.
1240 3677 1261 3723 a
1293 3651 1478 3746 theologis
1511 3651 1800 3727 Sacranrentalia

520 3794 762 3872 nuncupatos,
795 3793 834 3848 ut
859 3778 1143 3850 lledicationem
1172 3774 1418 3860 ecclesiarum,
1441 3794 1479 3848 et
1499 3777 1694 3874 l'irginum
1714 3804 1799 3850 con-

519 3903 773 3983 secrationem,
804 3903 1082 3999 antiquissimos
1112 3903 1201 3975 ritus
1229 3927 1324 3998 quos
1349 3901 1523 3998 Episcopi
1545 3920 1687 3976 tantum
1716 3929 1800 3977 con-

520 4028 701 4101 ficiebant.
727 4027 938 4102 l'ontificale
968 4030 1080 4126 igitur
1107 4026 1269 4101 ostendit
1298 4025 1393 4098 illius
1421 4029 1703 4103 Sacramentarii
1733 4029 1800 4103 ori-

518 4153 656 4248 ginem,
688 4152 790 4248 quod
820 4154 854 4224 in
886 4171 1010 4226 nostra
1031 4152 1195 4226 Ecclesia
1215 4153 1319 4248 primi
1339 4151 1511 4247 Episcopi
1532 4153 1798 4236 adhibuerunt;

520 4277 588 4350 hoc
632 4278 755 4374 itaque
799 4297 1040 4351 monumento
1081 4277 1345 4351 confirmantur
1382 4276 1621 4351 fundamenta
1665 4281 1736 4351 iarn
1777 4305 1799 4351 a

519 4402 562 4475 cl.
592 4403 754 4475 Doctore
784 4403 929 4476 Ceriani
960 4405 1081 4500 posita
1109 4403 1156 4475 de
1185 4425 1337 4474 romana
1357 4401 1527 4498 liturgiae
1557 4421 1705 4476 nostrae
1734 4403 1801 4476 ori-

516 4528 615 4624 gine,
647 4543 685 4600 et
713 4527 872 4599 vicissim
902 4544 1012 4600 ruunt
1040 4527 1258 4623 ingeniosae
1295 4527 1423 4624 utique
1452 4529 1799 4624 argumentationes

518 4653 565 4726 de
594 4651 761 4724 orientali
792 4652 1029 4725 Ambrosiani
1059 4653 1150 4726 ritus
1179 4653 1334 4750 origine.

626 4779 849 4873 Opportune
878 4778 954 4850 suis
983 4777 1072 4850 locis
1101 4778 1271 4851 indicabo
1292 4779 1484 4874 quomodo
1506 4779 1718 4854 Pontificale
1739 4807 1801 4854 no-

519 4923 645 4988 strum,
681 4903 765 4976 licet
796 4903 1057 5001 gregorianam
1085 4904 1349 4976 correctionem
1380 4929 1453 4976 non
1491 4905 1647 4978 obscure
1682 4907 1801 4980 admi·

520 5031 617 5114 serit,
640 5047 763 5102 tamen
783 5027 960 5101 lectiones
989 5029 1191 5112 retinuerit,
1213 5055 1310 5126 quae
1334 5030 1498 5124 pressius
1527 5029 1734 5104 leonianam
1764 5048 1801 5104 et
