4084 6128
381 776 672 848 «Reconcilritltb
699 777 851 848 ablatae
879 775 1108 847 Ecclesiae.»

380 931 397 972 ‹
419 903 588 974 Prz'mmn
607 903 728 974 acutii!
747 903 929 998 episcopus
947 911 1030 972 ante
1049 903 1165 997 ipsum
1188 903 1376 984 ecclesium,
1398 911 1432 973 cl
1450 902 1548 973 ‹nt-at

267 1027 360 1100 darec
387 1031 606 1101 orationem:

375 1154 625 1250 Omnipotens
654 1171 691 1226 et
719 1155 924 1226 misericors
956 1155 1073 1236 Deus
1105 1154 1167 1250 qui
1197 1153 1461 1226 sacerdotibus.

375 1279 492 1352 Auser
518 1307 540 1354 a
569 1281 686 1361 nobiS,
719 1305 957 1377 quaesumus,
988 1295 1056 1352 etc.

382 1405 482 1476 Tunc
509 1407 621 1478 ziztrcl
647 1408 686 1478 ric
713 1406 891 1478 ecclesium
925 1432 1004 1478 cum
1041 1407 1133 1478 clero
1166 1415 1200 1478 er
1232 1406 1396 1485 leumiim·
1423 1413 1546 1500 postca

1479 1149 1514 1237 ‘b

266 1531 365 1602 driu!
389 1533 607 1604 orationem:
638 1533 754 1611 Deus,
785 1533 847 1630 qui
878 1533 1016 1628 peccati
1047 1533 1191 1616 ueteris
1223 1548 1291 1604 etc.

374 1658 427 1729 Et
452 1658 515 1729 doc
531 1658 635 1753 sacto
664 1659 843 1730 benedicat
860 1685 994 1754 aqrtam
1022 1669 1057 1730 el
1081 1660 1142 1730 sal
1165 1684 1244 1730 cum
1274 1659 1354 1730 tu'uo
1382 1666 1416 1728 et
1433 1658 1549 1728 [litere

267 1784 443 1856 irttlrlam:
461 1793 496 1854 ct
511 1785 670 1856 creciaci!
682 1781 759 1886 [sic]¹
776 1785 992 1856 intrinsecus
1005 1786 1183 1856 ecclesiam
1202 1783 1409 1879 effrenamur
1423 1792 1457 1854 et
1470 1807 1549 1853 ccm-

267 1909 487 1981 landolinae
507 1911 763 2006 artlz'plrouam:
782 1912 975 2008 Asperges
996 1937 1066 1996 me,
1100 1911 1273 1991 Domine,
1306 1909 1487 2004 hyssopo;
1517 1917 1551 1979 et

264 2034 422 2106 luanrulo
439 2060 481 2105 ac
492 2035 729 2130 picrz'sicondo
747 2037 823 2108 loca
841 2038 1095 2122 contenebrata,
1113 2037 1211 2108 ditat
1226 2037 1318 2107 lruuc
1332 2035 1550 2106 irrationali:

270 2160 394 2232 Deum
424 2160 644 2235 indultorem
673 2163 876 2246 criminum,
908 2180 976 2236 etc.

378 2287 562 2359 Dominus
590 2289 792 2371 vobiscum,
825 2290 983 2362 Etcum
1014 2290 1145 2386 spiritu
1175 2307 1252 2361 tuo.

375 2413 530 2484 Sursum
559 2414 680 2499 corda,
716 2415 911 2488 Habemus
940 2415 987 2488 ad
1018 2415 1234 2487 Dominum.

376 2537 524 2611 Gratias
551 2565 708 2636 agamus
748 2541 912 2614 Domino
943 2543 1027 2613 Deo
1062 2559 1199 2613 nostro.
1233 2539 1400 2634 Dignum
1430 2553 1468 2609 et
1491 2537 1550 2632 ju-

267 2679 367 2734 stum
396 2679 463 2736 est.

375 2787 460 2859 VD.
492 2788 656 2862 Aeterne
687 2792 802 2863 Deus
835 2791 951 2864 Cuius
980 2792 1127 2864 bonitas
1156 2810 1195 2863 ut
1226 2816 1299 2862 uon
1328 2789 1457 2862 habuit
1488 2789 1551 2860 ini-

267 2915 373 2998 tium,
406 2913 455 2986 ita
484 2939 549 2986 nec
580 2915 775 2987 terminum
805 2916 926 2992 babet.
959 2933 1026 2988 etc.

388 3038 425 3110 T
420 3065 488 3111 tritt
499 3051 617 3113 cattle!
627 3042 767 3139 artltplt.
779 3073 792 3114 .·
807 3043 976 3140 Exurgat
992 3043 1108 3116 Deus.
1126 3057 1160 3145 )
1179 3045 1227 3117 lit
1246 3043 1390 3140 fugiant
1409 3071 1430 3116 a
1447 3043 1549 3115 facie.

385 3165 535 3238 Oratio:
565 3167 681 3250 Deus
712 3169 775 3263 qui
805 3169 838 3240 in
870 3169 969 3240 omni
999 3169 1080 3241 loco
1109 3168 1382 3242 dominationis

378 3291 468 3363 Aul.
491 3291 680 3364 Confirma
699 3291 778 3375 hoc,
804 3295 920 3366 Deus.
946 3282 981 3398 §³
1004 3293 1173 3366 Narrabo
1194 3319 1330 3367 nomen
1351 3312 1453 3368 tuum
1485 3294 1552 3366 sra-

270 3416 387 3488 tribus
416 3417 518 3490 meis.
548 3418 614 3490 Al.
647 3416 725 3520 (sic)
753 3418 881 3493 Gloria
913 3421 1020 3492 Patri.

386 3543 485 3614 Tunc
511 3543 608 3615 dicat
634 3545 726 3616 lutire
753 3546 971 3617 orationem:
1002 3523 1117 3624 Deus,
1140 3547 1202 3642 qui
1227 3545 1418 3618 ecclesiam
1450 3563 1551 3618 tuam

269 3667 318 3739 de
347 3668 472 3740 mundi
504 3668 648 3748 finibus,
680 3687 748 3742 etc.
777 3700 793 3734 s

385 3815 441 3885 15.
473 3794 511 3890 (s.
545 3790 630 3891 36').
654 3825 671 3864 «
699 3795 801 3867 Ordo
814 3797 868 3868 nd
881 3798 1030 3891 argutum
1050 3797 1210 3868 ecclesiae
1229 3796 1546 3868 benedicendum.»

270 3938 312 3993 ut
341 3919 376 3992 in
406 3921 456 4002 Α,
480 3921 515 3992 in
536 3946 612 4018 quo
635 3938 758 3994 tamen
788 3921 878 3995 haec
898 3923 1107 3996 benedictio
1131 3925 1281 4020 ponitur
1300 3925 1334 3996 in
1356 3924 1436 4020 ipsa
1457 3923 1553 3996 Cou-

269 4047 474 4118 secratione
503 4045 689 4125 ecclesiae,
721 4071 743 4118 a
771 4073 846 4142 quo
875 4048 944 4120 ritu
974 4049 1150 4143 deinceps
1179 4067 1236 4121 est
1265 4065 1445 4143 separata.

383 4179 438 4244 16.
469 4169 507 4273 (s.
539 4169 615 4273 43).
644 4173 753 4244 <Ad
776 4198 916 4244 crucem
944 4175 1266 4247 consecrandam.»

379 4297 484 4370 Ordo
504 4296 612 4370 huius
631 4299 901 4371 benedictionis
920 4316 977 4372 est
998 4300 1073 4373 sere
1099 4301 1194 4373 idem
1216 4318 1329 4397 atque
1350 4302 1384 4372 in
1406 4301 1445 4372 Λ
1456 4331 1468 4380 ,·
1487 4298 1552 4370 sed

269 4449 353 4495 cum
390 4424 506 4519 prima
542 4425 660 4496 oratio
698 4424 943 4509 desideretur,
981 4425 1052 4499 alia
1088 4426 1325 4522 praefationis
1362 4427 1476 4498 instar
1508 4425 1556 4496 sit

270 4565 406 4642 aptata,
437 4575 512 4622 una
544 4551 578 4621 in
609 4549 680 4622 fine
700 4549 902 4644 adjiciatur,
925 4551 1135 4624 summatim
1156 4568 1255 4623 totus
1276 4551 1479 4631 exhibetur,
1503 4576 1555 4621 re-

271 4675 452 4748 mittendo
482 4675 655 4748 lectorem
684 4675 731 4747 ad
762 4693 868 4748 notas
897 4676 933 4747 in
962 4677 1227 4749 commentario
1256 4677 1337 4750 cod.
1370 4677 1421 4748 Α.

342 4997 368 5061 *t
390 4995 422 5048 Iu
442 4997 468 5046 B
488 4995 591 5058 legitur
611 4993 811 5048 tantummodo
831 4991 943 5046 initium
964 4995 1048 5048 buius
1068 4997 1216 5058 orationis,
1232 5014 1319 5064 rurum
1342 4997 1482 5061 integram
1503 5015 1552 5065 po·

272 5093 342 5136 nunt
362 5085 408 5138 alii
428 5085 552 5139 codices.
