4078 6126
515 537 565 586 104
780 523 983 576 APPENDIX
1004 524 1060 576 AD
1082 524 1348 577 PONTIFICALE
1367 523 1476 576 SAEC.
1501 523 1553 577 IX.

948 1219 1013 1356 II
1070 1215 1361 1359 ORDO

806 1462 885 1535 EX
930 1463 1219 1536 BEROLDO
1264 1463 1433 1538 NOVO
1463 1459 1500 1548 *l

1058 1685 1244 1694 ...——

895 1948 948 2019 IN
981 1947 1165 2020 COENA
1197 1948 1409 2021 DOMINI.

628 2201 683 2248 1...
708 2177 884 2273 Corrrpleto
897 2187 1017 2250 aulem
1036 2176 1150 2271 officio
1165 2173 1201 2275 ⁴⁸)
1221 2177 1414 2250 secundum
1430 2202 1573 2258 morem,
1592 2184 1676 2248 lunc
1682 2185 1793 2272 prae-

468 2345 483 2395 5
505 2311 692 2398 parentur
717 2329 741 2374 a
769 2303 948 2374 mz'nz‘strz's
966 2312 1039 2374 tres
1063 2304 1246 2400 ampullae
1273 2330 1352 2375 rum
1379 2302 1471 2374 oleo:
1498 2327 1572 2374 una
1600 2301 1655 2374 ad
1676 2302 1791 2374 oleum

512 2427 692 2513 crucicola,
722 2428 840 2500 altera
867 2428 922 2499 ad
944 2428 1058 2500 oleum
1086 2429 1427 2512 callwcrtmenorum,
1463 2428 1571 2499 tertia
1598 2427 1653 2500 od
1676 2427 1791 2499 oleum

512 2553 764 2648 infirmorum,
794 2564 829 2626 el
854 2555 1071 2650 deferantur
1104 2557 1143 2627 r'n
1177 2555 1361 2652 capellum.
1393 2554 1446 2626 Et
1472 2552 1640 2626 donemus
1672 2552 1791 2625 arcln'-

512 2677 695 2778 ept'scopus
715 2680 910 2776 promilcal
935 2680 979 2753 de
1006 2680 1175 2754 balsamo.
1192 2677 1251 2778 *Il

558 2961 592 3042 *)
616 2965 688 3024 Non
714 2985 830 3027 novum
848 2964 1002 3026 Ordinem
1019 2965 1154 3027 exhibeo
1170 2963 1318 3050 (eundem
1335 2966 1439 3047 legere
1456 2966 1591 3046 quisque
1607 2975 1710 3045 potest
1725 2976 1794 3026 tum

514 3062 600 3140 apud
625 3063 794 3134 Muralori,
819 3065 929 3142 Antiq.
954 3064 1039 3125 Med¹
1054 3066 1140 3126 Aeni
1161 3074 1181 3125 t.
1208 3064 1264 3136 IV,
1289 3064 1347 3126 col.
1374 3071 1433 3141 891
1453 3075 1485 3126 et
1500 3085 1576 3144 seq,
1594 3075 1662 3126 tuni
1688 3063 1719 3124 in
1736 3065 1784 3124 Be

515 3162 600 3221 roldo
615 3180 653 3221 ex
676 3161 785 3222 codice
807 3161 1017 3232 ambrosiano,
1043 3162 1068 3234 I,
1093 3183 1153 3240 152
1170 3161 1240 3242 Ins,
1260 3183 1346 3223 ame
1368 3163 1465 3234 edito,
1490 3162 1553 3224 loll.
1584 3181 1643 3224 102
1665 3171 1697 3222 et
1713 3163 1793 3246 seq.)

513 3258 569 3319 sed
593 3259 653 3321 hoc
669 3258 701 3321 in
717 3258 786 3320 loco
802 3279 841 3320 ex
857 3259 965 3322 codice
983 3260 1230 3339 Metropolitano
1245 3281 1325 3322 saec.
1342 3260 1434 3332 XIII,
1459 3271 1642 3339 nuncupato
1657 3261 1792 3321 Beroldo

514 3379 598 3430 novo,
617 3358 766 3420 recudere
782 3357 868 3429 duxi,
887 3379 926 3420 ne
942 3358 1162 3421 desiderentur
1177 3379 1259 3439 quae
1279 3359 1319 3420 ad
1336 3359 1481 3421 notitiam
1505 3357 1653 3438 liturgiae
1669 3357 1794 3438 pontifi-

513 3457 589 3519 calis
611 3455 842 3519 Ambrosianae
864 3468 1015 3535 spectant.
1042 3457 1078 3517 In
1101 3456 1195 3528 calce,
1220 3457 1280 3518 sub
1303 3457 1396 3538 signo
1420 3457 1445 3529 I,
1462 3457 1622 3518 adnotabo
1645 3477 1727 3538 quae
1743 3478 1795 3518 va·

512 3555 594 3618 riant
610 3555 642 3616 in
658 3555 728 3617 cod.
753 3555 889 3616 ambros.
907 3575 986 3618 saec.
1012 3554 1075 3615 XII
1093 3576 1112 3616 a
1132 3576 1184 3618 me
1206 3555 1268 3616 iam
1293 3556 1380 3618 edito
1395 3567 1426 3617 et
1443 3555 1527 3617 notis
1543 3555 1709 3617 illustrato.
1728 3557 1795 3616 Me·

512 3655 739 3735 tropolitanum
768 3651 924 3724 codicem,
948 3652 1021 3715 licet
1044 3653 1259 3726 recentiorem,
1286 3653 1318 3715 in
1343 3654 1403 3715 hoc
1426 3675 1500 3715 casu
1524 3653 1681 3733 praelcrre
1704 3653 1792 3726 duxi,

512 3755 587 3837 quia
611 3753 678 3834 ipse
694 3751 771 3813 mihi
789 3763 837 3812 est
852 3751 939 3813 visus
959 3751 1109 3812 exhibere
1124 3751 1336 3833 antiquiorem
1355 3752 1536 3825 lectionenr;
1553 3773 1592 3813 ex
1607 3773 1655 3832 gr.
1673 3751 1704 3812 iu
1721 3772 1793 3814 con-

512 3853 645 3917 fectione
661 3850 840 3913 chrismatis
863 3863 936 3912 ante
953 3850 1190 3928 praelationem,
1215 3872 1287 3913 cum
1312 3851 1374 3913 alio
1398 3850 1507 3912 codice
1530 3851 1667 3912 ambros
1699 3851 1734 3912 C.
1752 3871 1793 3928 25

512 3951 570 4032 iuſs
596 3951 701 4013 adhuc
728 3962 833 4010 servat
864 3948 1031 4010 formulam
1064 3950 1238 4010 Utram'mes
1259 3957 1353 4028 atque
1375 3951 1534 4011 concordes
1561 3947 1680 4010 codicis
1702 3949 1793 4009 Heri-

512 4049 601 4121 berti,
619 4069 701 4131 quac
716 4046 832 4108 deindc
848 4046 1018 4118 obsolevit;
1035 4046 1078 4108 ita
1096 4058 1139 4118 ut,
1164 4059 1235 4126 post
1251 4067 1330 4109 saec.
1348 4048 1436 4118 XIV,
1462 4059 1586 4109 servato
1608 4045 1791 4126 ceteroquin

512 4147 635 4210 Ordine
667 4144 865 4216 Beroldiano,
890 4144 1043 4206 formulae
1066 4145 1324 4217 exorcismorum,
1346 4145 1604 4209 benedictionum
1627 4156 1660 4207 et
1675 4145 1793 4224 praela·

512 4247 634 4308 tionum
653 4265 726 4306 cum
752 4242 926 4304 Pontificali
952 4245 1098 4305 Romano
1121 4243 1263 4306 omnimo
1286 4244 1500 4306 convenirent.

562 4365 587 4406 r.
613 4341 645 4428 *)
663 4341 818 4422 Intellige,
843 4341 997 4404 absolutis
1012 4341 1124 4403 officiis
1141 4342 1276 4421 propriis
1293 4343 1388 4403 huius
1403 4343 1466 4404 diei
1492 4363 1593 4422 usque
1614 4342 1656 4403 ad
1679 4341 1789 4404 horam

513 4446 638 4506 Nonam
663 4439 825 4503 inclusive.
873 4435 926 4523 **)
951 4439 1040 4500 Haec
1062 4440 1190 4519 sapiunt
1216 4441 1379 4520 antiquam
1403 4440 1613 4519 disciplinam,
1638 4461 1702 4520 qua
1725 4461 1792 4520 pre-

512 4541 630 4621 sbyteri
655 4538 852 4620 singularum
877 4537 1092 4617 paroeciarum
1110 4537 1169 4618 ipsi
1189 4538 1363 4600 offerebant
1386 4539 1472 4612 olea;
1498 4538 1542 4599 uti
1567 4549 1653 4618 patet
1676 4560 1714 4599 ex
1742 4559 1791 4600 ca·

512 4639 650 4702 nonibus
666 4638 698 4699 in
714 4639 786 4699 Lib.
800 4638 836 4697 cle
847 4638 915 4697 eccl.
929 4638 1049 4716 ddcrpl.
1065 4637 1242 4718 Reginonis
1258 4635 1392 4720 (Migne,
1410 4638 1443 4698 P.
1457 4638 1493 4698 L.
1510 4646 1532 4698 t.
1555 4656 1625 4714 132,
1639 4635 1698 4698 col.
1715 4637 1790 4722 206)

517 4762 533 4794 a
551 4748 585 4800 ut
608 4737 774 4817 presbyter
796 4733 827 4796 ln
851 4755 949 4796 coena
975 4734 1105 4796 Domini
1129 4735 1286 4815 ampullas
1309 4736 1389 4796 duas
1409 4756 1514 4797 secum
1539 4733 1669 4806 deserat,
1694 4755 1789 4796 unam

517 4836 591 4898 «ad
615 4835 765 4904 chrisma,
790 4833 889 4894 altera
911 4833 952 4894 ad
968 4832 1074 4894 oleum
1098 4835 1138 4895 ad
1162 4834 1405 4895 cathecumenos
1428 4833 1648 4914 inungendum
1673 4831 1722 4895 vel
1747 4833 1792 4894 in·

518 4962 534 4990 «
552 4936 659 4996 firmos
671 4955 702 5006 ›>;
715 4943 796 4994 etex
814 4933 906 4996 Cone.
925 4932 1103 4994 cabilonen.
1120 4933 1165 5004 Il,
1182 4955 1234 4995 an.
1250 4939 1318 5010 813,
1339 4955 1406 4994 can.
1426 4934 1530 4994 XVI:
1545 4952 1633 5011 «pro
1650 4932 1790 4993 balsamo

518 5059 533 5088 «
551 5033 617 5094 sive
641 5031 851 5092 luminaribus
876 5029 1019 5092 emendis
1047 5030 1126 5091 nihil
1155 5031 1329 5110 presbytcri
1353 5031 1491 5092 chrisma
1513 5029 1671 5110 accepturi
1695 5029 1772 5091 dent

518 5131 690 5214 «episcopi
708 5129 814 5212 itaque
833 5127 1034 5192 facultatibus
1050 5129 1199 5192 ecclesiae
1215 5129 1390 5192 balsamum
1409 5139 1547 5191 emant...
1565 5153 1582 5186 »
