4084 6128
752 522 1031 577 INTRODUCTIO
1502 535 1532 574 xr

751 641 815 647 --
1064 633 1532 647 —......—.-—--——-

256 767 432 844 nonnulla
446 769 516 842 alia
531 769 780 842 Ambrosiano
796 770 878 842 usui
898 769 1024 842 affinia
1043 784 1138 852 sunt,
1162 784 1200 840 et
1220 767 1421 842 nonnullae
1439 766 1532 841 aliae

256 895 456 970 Orationes
490 894 758 968 Ambrosianas
795 894 939 968 feriales
971 911 1157 968 resonant.
1194 893 1232 967 S.
1265 893 1463 967 Caesarius
1495 910 1533 968 et

256 1021 295 1094 S.
324 1021 548 1094 Aurelianus
576 1017 734 1122 (bligne,
768 1021 806 1093 P.
847 1020 900 1104 L.‚
938 1043 1046 1104 cxvn,
1091 1043 1206 1105 1102;
1241 1043 1364 1103 cxvnr,
1405 1041 1531 1112 393-4,

256 1148 387 1242 404-5)
416 1146 555 1219 habent
582 1147 733 1243 quidem
762 1145 896 1219 eodem
919 1145 1048 1218 ordine
1067 1170 1109 1218 ac
1132 1146 1367 1217 Bencorense
1387 1162 1426 1219 et
1447 1146 1536 1217 Am-

255 1273 460 1357 brosianus
498 1274 701 1358 Cantemus,
734 1274 925 1370 Hymnron
961 1272 1076 1343 trium
1105 1281 1322 1368 puerorum,
1362 1288 1400 1345 et
1441 1272 1537 1368 psal·

256 1425 337 1472 mos
372 1403 547 1490 148-15o‚
580 1399 646 1474 sed
675 1399 886 1496 praemissis
906 1414 944 1471 et
963 1397 1182 1470 intermixtis
1205 1395 1285 1471 aliis
1306 1397 1472 1494 psalmis;
1498 1414 1535 1471 et

257 1524 355 1619 prior
381 1524 485 1597 addit
513 1525 548 1597 in
569 1523 642 1597 fine
672 1525 709 1596 Τ
703 1552 722 1596 e
743 1525 865 1596 Deum
885 1523 1082 1594 laudamus
1104 1538 1142 1594 et
1162 1521 1292 1593 Gloria
1308 1523 1346 1593 iu
1365 1522 1535 1602 accolas·

256 1649 347 1722 alter
374 1649 602 1744 Magnificat
627 1666 665 1722 et
698 1650 829 1722 Gloria
858 1649 896 1720 r'o
924 1648 1083 1720 excelsis.

365 1775 466 1848 Usus
481 1775 567 1848 item
584 1791 642 1848 est
666 1776 901 1870 Hymnorum
922 1774 959 1846 in
978 1771 1237 1868 antiphonario
1258 1773 1481 1846 Bencorensi
1497 1789 1536 1846 et

256 1901 291 1973 in
308 1901 568 1986 Ambrosiam,
586 1927 698 1998 quem
714 1900 754 1973 S.
778 1900 1000 1973 Benedictus
1015 1923 1061 1971 ex
1080 1899 1150 1970 isto
1171 1899 1373 1996 sumpsisse
1389 1899 1533 1983 dicunt;

255 2044 293 2098 at
321 2027 512 2099 Romanus
541 2025 654 2123 longe
677 2027 793 2098 serius
823 2027 970 2122 recepit.

366 2151 422 2223 Ex
449 2151 518 2225 hac
545 2151 707 2224 editione
736 2150 885 2224 testium
914 2151 1185 2224 Ambrosianae
1216 2149 1404 2246 Liturgiae
1425 2173 1535 2244 spero

256 2277 363 2362 viros,
394 2277 457 2374 qui
486 2277 534 2350 dc
559 2277 755 2374 Liturgicis
784 2292 950 2361 tractant,
974 2277 1150 2350 maiorem
1170 2276 1251 2349 eius
1271 2276 1450 2348 rationem
1474 2273 1537 2347 ha-

256 2403 406 2488 bituros,
438 2428 550 2500 quam
578 2402 770 2499 hucusque
800 2402 960 2486 fecerint,
992 2419 1029 2475 et
1055 2401 1161 2498 plura
1188 2416 1415 2474 correcturos
1444 2398 1535 2472 falsa

256 2526 313 2601 vel
333 2529 454 2601 minus
477 2546 585 2614 recta,
608 2554 705 2626 quae
728 2529 865 2624 passim
885 2527 933 2601 de
952 2552 998 2600 ea
1016 2505 1247 2626 protulerunt
1270 2525 1535 2624 praecedentes

257 2655 462 2751 scriptores
495 2654 557 2726 Ad
585 2654 654 2726 hoc
674 2670 821 2750 tempus
845 2679 933 2726 sane
961 2653 1018 2726 isti
1042 2651 1161 2725 solum
1181 2652 1294 2725 de'ea
1313 2652 1532 2736 iudicabant,

257 2795 297 2852 ut
323 2795 426 2875 patet
454 2806 500 2852 ex
534 2805 662 2853 eorum
697 2779 807 2863 libris,
846 2805 892 2852 ex
919 2778 1043 2874 aliqua
1070 2778 1262 2851 recentiori
1291 2777 1463 2861 editione,
1499 2795 1537 2850 et

257 2929 303 2976 ex
330 2906 456 3000 paucis
477 2905 629 3001 impuris
659 2905 832 2988 lontibus
858 2928 1084 3000 quamquam
1104 2901 1161 2976 vel
1186 2927 1348 2999 nuperae
1368 2901 1536 2998 publicae

257 3030 439 3104 editiones
473 3031 682 3105 referebant
715 3029 887 3113 fideliter,
926 3029 1141 3124 praesertim
1178 3029 1212 3101 in
1250 3028 1360 3100 rebus
1393 3028 1536 3124 gravio-

256 3156 367 3240 ribuS,
399 3157 500 3253 ipsos
528 3157 674 3231 codices
693 3171 870 3240 vetustos
892 3180 988 3252 quos
1008 3154 1134 3227 maiori
1155 3154 1265 3226 etiam
1294 3152 1367 3225 fide
1394 3178 1536 3248 reprae-

257 3283 454 3356 sentabant
493 3282 692 3379 pleraeque
732 3281 915 3354 editiones
947 3281 995 3353 ab
1037 3280 1144 3353 annis
1188 3300 1283 3371 1475
1328 3279 1376 3353 ad
1423 3283 1532 3370 1548.

257 3407 333 3480 Sed
362 3425 400 3480 et
422 3408 513 3481 istae
542 3407 725 3481 editiones
754 3406 960 3479 rarissimae
990 3422 1086 3489 sunt,
1117 3422 1156 3479 et
1190 3405 1250 3475 vix
1282 3403 1440 3499 perviae,
1472 3418 1537 3475 aut

256 3533 408 3607 omnino
431 3557 524 3620 n0n;
555 3532 685 3629 ignota
711 3547 835 3605 autem
869 3528 997 3603 harum
1026 3529 1192 3601 omnium
1226 3527 1424 3601 concordia
1451 3551 1535 3599 cum

257 3659 515 3733 vetustissimis
544 3658 700 3732 testibus
726 3656 795 3730 illis
824 3655 1009 3753 imperviis
1039 3655 1211 3727 iudicium
1241 3653 1288 3726 de
1317 3652 1536 3747 antiquitate

257 3801 380 3859 textus
408 3784 644 3881 impediebat.
667 3781 812 3854 Exinde
833 3781 960 3877 opinio
979 3779 1234 3852 succrescebat
1252 3778 1300 3851 de
1322 3777 1536 3850 continuata

256 3911 543 3985 commutatione
572 3909 706 3982 veteris
734 3923 856 3981 textus
876 3907 1112 3980 Ambrosiani
1138 3931 1221 3978 cum
1243 3906 1431 3988 Roman03
1452 3927 1535 3974 cum

257 4054 434 4112 econtra
467 4035 730 4109 concordantia
763 4059 809 4106 ex
838 4057 912 4105 una
942 4032 1149 4128 eademque
1184 4031 1327 4127 origine
1356 4044 1468 4112 esset,
1499 4046 1537 4101 et

258 4189 402 4236 summa
430 4163 533 4247 fides,
564 4186 640 4259 qua
673 4184 739 4256 per
771 4157 918 4232 saecula
951 4155 1009 4229 vel
1044 4156 1144 4230 leves
1180 4156 1377 4229 varietates
1413 4181 1435 4228 a
1464 4155 1536 4226 Ro-

259 4289 618 4385 mano-Gregoriano
646 4285 899 4358 retinebantur
918 4283 954 4355 in
974 4282 1234 4362 Ambrosiano,
1256 4305 1429 4377 quaeque
1448 4304 1538 4351 con-

258 4413 471 4488 firmabatur
499 4412 710 4486 testimonio
739 4409 952 4482 continuato
980 4434 1027 4481 ex
1053 4407 1310 4503 manuscriptis
1339 4431 1362 4478 a
1383 4405 1439 4477 lX
1460 4431 1538 4478 sae·

258 4540 340 4613 culo
380 4565 499 4635 usque
540 4538 588 4611 ad
626 4561 803 4634 praesens
837 4550 1001 4630 tempus,
1039 4549 1297 4630 argumentum
1335 4531 1538 4628 praebebat

257 4683 384 4740 contra
411 4666 625 4762 opinionem
640 4663 863 4737 anteriorum
884 4661 1127 4734 mutationum
1143 4659 1292 4732 arbitrio
1312 4659 1536 4730 invectarum

259 4791 295 4866 in
315 4792 394 4866 aliis
416 4790 636 4865 lectionibus
661 4786 980 4862 concordantibus.
1013 4785 1122 4855 Nunc
1143 4781 1292 4854 tandem
1313 4808 1396 4855 cum
1425 4782 1536 4854 etiam

261 4917 452 4990 Romanae
474 4915 663 5013 Liturgiae
682 4929 796 4987 testes
816 4925 1058 4993 succrescunt,
1081 4906 1137 4980 vel
1157 4907 1443 4980 accuratioribus
1463 4905 1537 4978 edi·

259 5043 420 5117 tionibus
435 5039 774 5136 denuovulgantur,
785 5062 946 5133 aequum
962 5032 1190 5106 iudiciumde
1205 5032 1273 5105 hac
1289 5033 1371 5106 serri
1388 5033 1532 5129 poterit,
