4078 6126
544 527 679 582 SERMO
700 527 741 580 IN
764 526 1041 580 DEDlCATlONE
1061 525 1279 580 ECCLEstnE
1518 541 1552 592 79

273 774 426 861 duxerit,
443 775 515 848 cito
530 774 578 848 ad
594 773 862 872 indulgentiam
878 773 1024 848 divinae
1040 774 1310 847 misericordiae
1325 775 1549 871 praeveniet.

274 902 381 996 Quia,
399 901 494 975 sicut
508 900 570 997 qui
591 926 632 974 se
651 899 788 975 exaltat
802 899 1061 1004 humiliabitur,
1080 901 1130 974 ita
1146 901 1329 975 contrario
1348 902 1411 998 qui
1431 928 1472 976 se
1487 901 1551 974 hu-

274 1026 386 1101 miliat
404 1026 634 1102 exaltabitur.
652 1027 727 1121 Qui
746 1027 856 1112 enim,
879 1028 972 1101 sicut
990 1027 1093 1113 dixit,
1112 1028 1161 1101 ita
1180 1042 1322 1101 reatum
1342 1053 1450 1100 suurn
1471 1027 1551 1124 ipse

273 1178 313 1226 se
341 1151 525 1226 humiliter
544 1152 591 1226 ab
611 1152 725 1227 altare
744 1151 922 1228 ecclesiae
949 1179 1017 1250 pro
1037 1152 1299 1226 emendatione
1318 1153 1415 1225 vitae
1435 1178 1551 1226 remo-

271 1305 357 1353 vere
376 1279 540 1366 voluerit,
566 1280 614 1353 ab
632 1295 785 1353 aeterno
813 1278 874 1352 illo
893 1296 931 1353 et
947 1278 1095 1353 caelesti
1115 1279 1282 1353 convivio
1304 1280 1551 1353 excommuni-
1598 1305 1613 1357 ⁵

271 1407 343 1480 cari
372 1407 520 1503 penitus
540 1431 614 1479 non
641 1405 794 1480 timebit.
817 1407 928 1504 Rogo
947 1431 1024 1492 vos,
1049 1406 1189 1491 fratres,
1212 1404 1410 1503 diligenter
1436 1420 1552 1479 atten-

272 1533 362 1606 dite:
401 1532 430 1604 si
469 1532 516 1605 ad
554 1557 721 1606 mensam
753 1533 1018 1630 cuiuscumque
1054 1532 1216 1628 potentis
1252 1530 1412 1638 hominis
1441 1557 1552 1605 nemo

272 1659 474 1755 praesumit
508 1683 592 1731 cum
628 1659 793 1731 vestibus
829 1658 1025 1731 conscissis
1053 1673 1091 1731 et
1123 1657 1323 1754 inquinatis
1356 1657 1550 1743 accedere;

271 1801 412 1884 quanto
427 1785 546 1882 magis
561 1810 584 1859 a
598 1785 765 1859 convivio
780 1786 918 1859 aeterni
934 1785 1043 1882 regis
1061 1784 1098 1857 id
1116 1801 1174 1858 est
1192 1784 1239 1858 ab
1254 1783 1368 1858 altare
1385 1784 1548 1870 Domini,

271 1911 384 1985 debet
403 1936 444 1985 se
463 1911 719 2009 unusquisque
739 1911 897 1985 invidiae
916 1910 973 1985 vel
994 1910 1069 1984 odii
1088 1936 1234 1986 veneno
1254 1937 1463 2009 percussus,
1486 1911 1551 1984 ira·
1582 1944 1614 1980 ιο

272 2037 427 2110 cundiae
447 2037 567 2111 lurore
590 2036 762 2135 repletus
784 2063 867 2111 cum
896 2038 1100 2111 reverentia
1119 2054 1157 2111 et
1175 2036 1379 2111 humilitate
1407 2037 1550 2111 subtra-

272 2162 369 2249 here,
391 2179 542 2260 propter
560 2163 649 2236 illud
668 2164 768 2262 quod
793 2164 966 2261 scriptum
987 2180 1059 2237 est:
1081 2163 1187 2237 Vade
1207 2165 1308 2260 prius
1328 2162 1550 2238 reconciliari

273 2289 369 2363 fratri
398 2306 481 2374 tuo;
511 2306 548 2362 et
576 2305 662 2362 tunc
687 2289 840 2362 veniens
869 2289 1002 2363 offeres
1031 2315 1167 2362 munus
1186 2305 1308 2376 tuum;
1338 2289 1548 2363 etiterum:

196 2399 204 2410 ¹
273 2416 411 2500 Amice,
434 2415 624 2513 quomodo
647 2414 717 2488 huc
737 2415 877 2488 intrasti
899 2440 973 2488 non
993 2414 1135 2489 habens
1163 2429 1305 2488 vestem
1327 2413 1551 2511 nuptialem?

276 2541 345 2614 Hic
359 2541 457 2614 enim
478 2540 590 2614 habet
609 2557 731 2615 textus
751 2539 987 2638 evangelicae
1009 2540 1186 2626 lectionis,
1209 2540 1310 2637 quod
1330 2540 1482 2638 quidam
1502 2541 1551 2615 fe·
1581 2579 1612 2629 15

271 2669 358 2743 cerit
378 2667 525 2764 nuptias
545 2666 619 2739 filio
634 2693 712 2752 su0,
730 2683 768 2741 et
787 2667 973 2740 intraverit
991 2684 1032 2740 ut
1050 2667 1191 2740 videret
1210 2665 1317 2740 simul
1338 2667 1550 2740 recumben-

272 2811 341 2880 tes;
366 2809 404 2867 et
422 2792 552 2866 videns
572 2792 620 2866 ibi
640 2792 827 2866 hominem
852 2817 925 2865 non
949 2791 1146 2866 habentem
1167 2809 1309 2866 vestem
1334 2791 1548 2889 nuptialem,

271 2919 360 2993 dixit
378 2919 426 2992 ad
449 2944 550 2992 eum:
572 2918 712 3004 Amice,
734 2917 924 3016 quomodo
947 2917 1017 2991 huc
1046 2919 1187 2992 intrasti
1218 2944 1291 2992 non
1321 2917 1464 2991 habens
1491 2944 1551 2990 ve-

272 3061 364 3119 stem
385 3044 609 3142 nuptialem?
630 3045 678 3118 Et
702 3044 762 3118 illo
781 3044 1072 3130 obmutescente,
1095 3045 1187 3119 dixit
1206 3045 1397 3118 ministris:
1417 3044 1550 3142 Ligate

274 3171 320 3244 illi
340 3197 472 3244 manus
491 3187 529 3245 et
547 3171 674 3268 pedes
692 3187 730 3245 et
749 3171 900 3268 proicite
919 3197 1004 3245 eum
1026 3172 1061 3243 in
1081 3173 1254 3245 tenebras
1268 3171 1484 3258 exteriores;
1501 3171 1549 3244 ibi
1580 3217 1614 3252 20

274 3297 341 3370 erit
359 3297 467 3370 fletus
482 3313 520 3370 et
539 3296 673 3369 stridor
690 3296 868 3371 dentium.
888 3299 983 3371 Ecce
998 3296 1146 3395 qualem
1161 3298 1382 3372 sententiam
1398 3298 1553 3372 merebi-

275 3440 331 3496 tur
344 3423 472 3496 audire
486 3423 550 3520 qui
564 3422 612 3496 ad
626 3423 833 3496 convivium
854 3422 1026 3520 nuptiale,
1044 3423 1080 3496 id
1096 3440 1154 3497 est
1172 3421 1286 3497 altare
1303 3423 1465 3508 Domini,
1487 3440 1552 3497 aut

273 3548 463 3622 aebriosus
481 3566 546 3622 aut
567 3548 720 3634 adulter,
742 3566 807 3623 aut
829 3549 956 3623 odium
978 3550 1013 3623 in
1033 3549 1143 3623 corde
1163 3549 1326 3623 retinens
1349 3550 1552 3645 praesumit

274 3674 457 3748 accedere.
488 3675 644 3748 Avertat
671 3673 740 3748 hoc
768 3701 790 3749 a
819 3675 926 3749 nobis
956 3677 1080 3760 Deus,
1111 3675 1241 3749 fratres
1269 3672 1482 3760 charissimi,
1513 3690 1551 3748 et

274 3799 451 3874 concedat
468 3818 508 3875 ut
527 3799 623 3874 mala
644 3800 714 3874 ista
732 3817 797 3874 aut
816 3827 1004 3899 nunquam
1025 3800 1180 3875 velimus
1198 3801 1415 3886 ammittere,
1437 3816 1502 3874 aut
1520 3801 1550 3874 si
1580 3835 1613 3884 25

274 3925 434 4000 admissa
462 3925 606 4012 suerint,
638 3926 718 4000 sine
737 3925 810 4000 ulla
830 3952 933 4000 mora
961 3952 1027 4024 per
1047 3926 1311 4023 poenitentiam
1334 3924 1391 3999 vel
1421 3952 1550 4023 pacem

275 4051 487 4125 studeamus
516 4076 657 4138 sanare,
688 4068 726 4124 et
753 4049 972 4149 largioribus
1000 4051 1224 4148 elemosynis
1250 4051 1467 4124 sestinemus
1489 4052 1548 4125 ab

275 4176 391 4264 luere;
421 4204 468 4252 ne
496 4179 590 4252 sorte
619 4179 648 4250 si
677 4203 760 4251 cum
780 4195 1013 4275 peccatorum
1042 4177 1255 4252 vulneribus
1277 4194 1364 4251 ante
1392 4175 1549 4250 tribunal

274 4305 409 4377 aeterni
434 4304 571 4401 Judicis
599 4303 817 4390 venerimus,
848 4305 895 4378 ab
922 4303 983 4378 illa
1001 4320 1153 4378 aeterna
1182 4304 1348 4378 Ecclesia
1367 4318 1405 4376 et
1423 4303 1470 4376 ab
1491 4300 1551 4376 illa

274 4429 428 4504 caeleste
450 4429 696 4526 Hyerusalem
717 4446 896 4526 perpetua
915 4428 1294 4504 excommunicatione
1322 4453 1547 4525 separemur.
1579 4473 1614 4521 30

275 4555 515 4630 Considerate
543 4581 645 4652 erg0,
677 4581 770 4653 rogo
797 4581 864 4628 vos
894 4555 1033 4641 fratres
1065 4557 1094 4628 si
1124 4554 1234 4629 hodie
1255 4553 1387 4652 aliquis
1416 4578 1439 4626 a
1466 4579 1550 4628 con-

273 4697 381 4755 ventu
413 4681 600 4755 Ecclesiae
629 4679 738 4775 hujus
767 4707 834 4777 pro
869 4680 995 4779 aliquo
1022 4682 1173 4756 crimine
1206 4681 1294 4754 soris
1322 4678 1547 4776 projiciatur,

274 4808 308 4880 in
336 4825 477 4906 quanto
505 4807 633 4880 dolore
660 4803 717 4878 vel
747 4804 981 4881 tribulatione
1004 4809 1072 4882 erit
1094 4809 1217 4881 anima
1238 4806 1343 4903 ejus?
1372 4805 1421 4878 Et
1450 4806 1479 4878 si
1499 4808 1552 4880 in·

413 5095 439 5143 3.
461 5077 534 5144 Qui:
562 5095 640 5132 corr.
669 5094 709 5132 ex
728 5077 812 5143 Quia.
833 5106 866 5114 -
888 5092 930 5127 20.
952 5071 1008 5125 illi:
1031 5087 1108 5125 corr.
1139 5088 1179 5125 ex
1200 5071 1263 5126 illis.
1286 5103 1318 5112 -—
1339 5077 1382 5128 26.
1406 5073 1547 5127 admissa:

341 5177 419 5214 corr.
440 5176 480 5213 ex
498 5159 611 5214 amissa.
634 5190 667 5197 -
686 5175 731 5225 33.
751 5165 875 5225 quanto:
896 5171 973 5208 corr.
994 5169 1034 5207 ex
1052 5161 1204 5220 quantum.
