4078 6126
564 529 707 583 BENEl).
729 519 785 571 nl)
805 523 1084 582 ORDINANDUM
1107 527 1244 580 REGEM
1511 528 1544 590 63

270 815 307 872 et
333 821 482 871 omnem
524 793 670 891 frugum
714 792 925 889 opulentiae
954 819 1000 866 ex
1027 773 1340 890 largitate'divini
1384 795 1546 868 muneris

269 923 381 1022 longa
408 948 476 1019 per
497 937 681 1017 tempora:
712 937 752 992 ut
780 918 841 992 illo
870 936 1051 1016 regnante
1080 920 1126 992 sit
1155 919 1293 992 sanitas
1329 921 1472 1016 corpori
1509 921 1545 995 in

272 1049 401 1146 patria,
433 1072 506 1144 pax
533 1045 775 1118 inviolata'sit
803 1046 838 1117 in
868 1069 995 1142 regno
1027 1060 1065 1117 et
1092 1044 1255 1141 dignitas
1295 1043 1459 1142 gloriosa
1495 1073 1547 1120 re·

271 1172 364 1271 galis
392 1172 516 1270 palatii
546 1174 705 1247 maximo
733 1171 931 1268 splendore
960 1171 1084 1268 regiae
1113 1173 1305 1267 potestatis
1325 1170 1440 1244 oculis
1468 1199 1549 1245 om-

274 1302 372 1374 nium
400 1301 481 1373 luce
509 1300 709 1374 clarissima
752 1323 944 1371 coruscare
980 1313 1092 1393 atque
1135 1295 1410 1393 splendescere,
1441 1299 1547 1395 quasi
1577 1333 1592 1381 5

274 1425 570 1523 splendidissima
611 1424 755 1523 fulgora
797 1424 957 1496 maximo
987 1423 1136 1518 perlusa
1164 1422 1312 1509 lumine,
1343 1423 1546 1498 videantur.

274 1555 409 1628 'sribue
438 1555 486 1640 ei,
518 1554 754 1651 omnipotens
798 1553 920 1636 Deus,
958 1569 998 1624 ut
1026 1552 1073 1624 sit
1102 1551 1322 1625 fortissimus
1364 1569 1551 1648 protector

272 1683 420 1778 patriae,
452 1697 489 1754 et
525 1671 736 1754 consolator
771 1678 1006 1752 ecclesiarum
1036 1695 1148 1776 atque
1176 1679 1438 1752 coenobiorum
1469 1706 1548 1754 san·

273 1825 422 1893 ctorum,
455 1807 614 1880 maxima
642 1807 778 1900 pietate
808 1804 942 1903 regalis
972 1804 1260 1888 munificentiae;
1290 1820 1403 1902 atque
1431 1821 1472 1878 ut
1504 1807 1551 1878 sit

276 1933 492 2007 fortissimus
534 1959 682 2031 regum,
721 1931 964 2028 triumphator
992 1929 1152 2004 hostium
1195 1931 1242 2004 ad
1285 1931 1549 2028 opprimendas
1582 1969 1613 2004 ω

277 2059 429 2134 rebelles
449 2076 487 2133 et
505 2085 672 2158 paganas
692 2059 876 2142 nationes;
902 2058 1023 2155 sitque
1052 2058 1128 2131 suis
1157 2058 1311 2131 inimicis
1336 2060 1424 2132 satis
1453 2060 1551 2133 terri-

278 2185 357 2259 bilis
385 2187 551 2286 proxima
570 2185 652 2287 (sic)
682 2184 893 2258 fortitudine
922 2184 1056 2282 regalis
1077 2185 1282 2281 potentiae:
1313 2186 1552 2282 optimatibus

279 2339 426 2410 quoque
445 2330 557 2410 atque
575 2310 772 2408 praecelsis
792 2311 1004 2407 proceribus
1032 2337 1074 2384 ac
1103 2295 1273 2384 fidelibus
1303 2313 1359 2384 sui
1380 2312 1484 2408 regni
1505 2312 1552 2384 sit

279 2439 468 2511 munificus
497 2455 535 2511 et
562 2435 729 2511 amabilis
748 2452 786 2510 et
805 2437 898 2533 pius,
926 2453 963 2510 et
981 2437 1028 2509 ab
1058 2438 1229 2510 omnibus
1250 2438 1421 2510 timeatur
1439 2453 1551 2534 atque

279 2563 459 2663 diligatur.
479 2567 604 2662 Reges
624 2589 774 2661 quoque
790 2563 837 2636 de
857 2562 990 2635 lumbis
1006 2564 1086 2636 eius
1105 2590 1171 2660 per
1190 2565 1443 2637 successiones
1464 2579 1552 2636 tem·
1585 2602 1614 2651 15

281 2716 407 2788 porum
428 2691 631 2764 futurorum
651 2689 899 2787 egrediantur,
921 2715 1078 2786 regnum
1108 2715 1237 2786 regere
1267 2690 1490 2763 francorum:
1516 2705 1554 2762 et

281 2833 363 2913 post
389 2816 551 2916 gloriosa
580 2833 747 2914 tempora
775 2833 887 2914 atque
916 2814 1033 2889 felicia
1061 2817 1265 2912 praesentis
1284 2817 1380 2890 vitae
1403 2815 1551 2914 gaudia,

280 2944 500 3038 sempiterna
530 2945 564 3016 in
594 2959 773 3040 perpetua
800 2941 1028 3015 beatitudine
1057 2942 1221 3016 habitare
1251 2960 1444 3018 mereatur.

387 3093 421 3162 3.
452 3072 505 3143 Et
520 3072 641 3142 nullut
650 3070 822 3167 peretrfea·
840 3094 1005 3141 coronam
1034 3096 1186 3142 urucam
1208 3081 1320 3167 super
1341 3082 1450 3168 capul
1466 3073 1552 3153 eins,

279 3197 336 3268 lu's
362 3195 479 3268 verbis
505 3197 641 3268 dicens:
1588 3246 1621 3281 20

388 3322 525 3418 Accipe
554 3346 728 3393 coronam
756 3347 778 3392 a
809 3321 972 3393 Domino
1007 3321 1092 3393 Deo
1131 3320 1194 3393 tibi
1224 3319 1553 3418 praedestinatam:

280 3447 427 3532 babeas,
459 3464 597 3532 teneas
629 3463 741 3543 atque
763 3446 964 3542 possideas.
997 3463 1034 3519 et
1063 3443 1145 3519 liliis
1165 3448 1237 3520 tuis
1266 3465 1352 3544 post
1381 3465 1416 3521 te
1446 3450 1480 3522 in
1507 3451 1523 3522 l
1548 3493 1558 3504 -

280 3590 400 3646 turum
428 3573 475 3646 ad
504 3573 693 3657 honorem,
727 3573 811 3645 Deo
841 3571 1050 3658 auxiliante,
1082 3572 1328 3670 derelinquas

388 3723 423 3791 4.
453 3699 629 3796 Sequitur
655 3700 793 3771 aratro:
822 3699 994 3771 Oremus
1544 3793 1549 3804 1

389 3825 504 3910 Deus,
529 3826 638 3898 Pater
655 3842 827 3898 aeternae
847 3823 997 3921 gloriae,
1024 3826 1071 3898 sit
1089 3824 1236 3898 adiutor
1258 3843 1353 3912 tuus,
1379 3843 1416 3900 et
1443 3829 1558 3901 omni·
1587 3857 1618 3906 25

283 3967 414 4045 potens
446 3950 642 4024 benedicat
673 3950 749 4024 tibi:
779 3977 909 4046 preces
937 3969 1020 4025 tuas
1059 3952 1093 4022 in
1128 3953 1268 4025 cunctis
1305 3954 1488 4038 exaudiat,
1520 3970 1558 4027 et

282 4077 391 4150 vitam
433 4093 534 4150 tuam
563 4076 757 4175 longitudo
795 4077 938 4149 dierum
976 4076 1195 4173 adimpleat:
1234 4079 1408 4152 thronum
1451 4081 1556 4178 regni

284 4203 333 4273 tui
363 4202 497 4299 iugiter
515 4202 647 4287 firmet,
673 4218 711 4275 et
738 4219 888 4300 gentem
909 4202 1163 4300 populumque
1188 4221 1290 4277 tuum
1310 4206 1346 4277 in
1366 4221 1556 4279 aeternum

283 4347 489 4402 conservet:
514 4329 680 4402 inimicos
722 4347 805 4402 tuos
833 4329 1050 4402 confusione
1084 4330 1231 4404 inducat
1259 4329 1352 4427 (sic),
1383 4348 1421 4405 et
1448 4358 1559 4428 super

286 4470 321 4526 te
355 4453 488 4527 Christi
519 4454 755 4528 sanctificatio
784 4455 928 4527 lloreat:
960 4473 1000 4527 ut
1032 4457 1095 4552 qui
1124 4456 1188 4529 tibi
1222 4458 1347 4530 tribuit
1375 4459 1411 4530 in
1455 4458 1558 4530 terris
1587 4500 1622 4548 30

287 4580 486 4676 imperium,
518 4581 597 4677 ipse
626 4581 661 4652 in
690 4579 800 4654 caelis
828 4580 994 4654 conserat
1021 4583 1237 4678 praemium,
1270 4609 1345 4680 per.

428 4847 469 4896 15.
490 4831 699 4885 successiones:
721 4847 798 4884 corr.
818 4847 858 4884 ea·
877 4830 1075 4885 successionis,
1099 4861 1129 4870 -
1149 4849 1193 4896 30.
1210 4837 1278 4898 pasl
1295 4831 1344 4899 qui
1364 4832 1459 4886 (πίννας.
1481 4833 1510 4886 d.

332 5066 358 5122 3.
383 5047 461 5109 Ord.
489 5049 579 5108 Rom.
610 5069 620 5108 r
629 5067 679 5124 53,
707 5049 798 5108 Mart.
823 5047 901 5108 Ord.
928 5048 974 5107 Ill
1000 5044 1101 5130 (577).

331 5166 358 5222 4.
383 5146 462 5206 Ord.
488 5147 579 5207 Rom.
611 5166 680 5224 153,
708 5147 789 5206 Mur.
816 5152 889 5224 461,
917 5145 1037 5207 lllabill.
1064 5145 1142 5210 Ord.
1168 5146 1255 5216 xlv,
1283 5167 1356 5224 401.
