4078 6126
876 473 1142 527 PONTIFICALE
1168 473 1277 526 SAEC.
1306 472 1357 526 IX.

1046 590 1096 596 -—-
1119 587 1755 596 ———--.-.-.-————-———

647 1211 650 1218 ι
951 1165 1278 1239 acuentem)

575 1327 687 1431 ΑΙ)
732 1324 1271 1430 ORDINANDUM
1313 1321 1645 1427 REGEMn

1054 1667 1193 1739 (lran'o.

591 1875 620 1923 ι.
644 1849 798 1934 Exaudi,
833 1849 1004 1934 Domine,
1037 1875 1165 1946 preces
1190 1864 1346 1929 nostras,
1378 1865 1415 1921 et
1444 1847 1620 1921 lamulum
1650 1865 1754 1922 tuum

433 1997 447 2045 5
479 1977 525 2060 N,
557 1977 604 2050 ad
633 1976 839 2073 regendum
860 1976 1066 2049 francorum
1095 1975 1301 2072 imperium,
1335 1977 1534 2049 constitue:
1566 1991 1606 2048 ut
1634 1991 1755 2070 perte

477 2103 626 2198 incipiat
654 2127 794 2197 regere,
826 2118 864 2174 et
892 2127 959 2198 per
986 2117 1022 2174 te
1051 2100 1207 2174 fideliter
1235 2127 1391 2199 regnum
1420 2101 1614 2184 custodiat,
1646 2126 1722 2196 per.

1008 2282 1241 2354 Cbrzsecrnlz'o.

587 2490 620 2537 2.
652 2463 834 2560 Prospice‚
866 2462 1102 2558 omnipotens
1123 2463 1239 2546 Deus,
1271 2464 1410 2548 serenis
1439 2463 1630 2537 obtutibus
1658 2463 1755 2538 hunc

475 2587 681 2684 gloriosum
718 2586 894 2661 famulum
931 2603 1034 2658 tuum
1072 2587 1124 2658 N:
1162 2588 1255 2660 sicut
1289 2587 1508 2661 benedixisti
1545 2589 1751 2673 Abraham,

415 2759 446 2794 lo
480 2716 582 2789 Isaac
617 2731 655 2788 et
685 2713 818 2810 jacob,
857 2713 908 2785 sic
943 2710 1043 2784 illum
1079 2710 1191 2808 largis
1226 2711 1547 2787 benedictionibus
1583 2713 1754 2811 spiritalis

477 2841 619 2938 gratiae
655 2867 737 2913 cum
775 2840 876 2913 omni
918 2837 1160 2935 plenitudine,
1195 2853 1257 2911 tua
1297 2839 1476 2935 potentia,
1517 2840 1676 2937 inrigare
1704 2857 1754 2914 at-

478 2993 551 3064 que
584 2966 806 3063 perfundere
848 2965 1031 3062 digneris:
1068 2979 1109 3036 ut
1143 2964 1282 3037 tribuas
1318 2965 1350 3036 ei
1387 2964 1434 3037 de
1468 2990 1550 3038 rore
1591 2964 1681 3038 caeli
1718 2982 1756 3039 et

477 3092 525 3164 de
554 3091 781 3189 pinguedine
810 3107 927 3164 terrae
956 3089 1219 3163 abundantiam
1250 3089 1420 3164 frumenti
1444 3091 1575 3163 etvini
1605 3107 1642 3164 et
1670 3090 1751 3173 olei,

623 3373 664 3410 10.
686 3356 785 3420 largis:
807 3373 884 3409 corr.
905 3373 944 3410 ex
964 3354 1084 3420 largiris.

522 3592 555 3674 ss)
579 3598 699 3657 Omnes
722 3616 826 3656 rerum
852 3594 1071 3656 historicarum
1095 3591 1273 3672 scriptores
1298 3592 1418 3671 absque
1443 3593 1507 3656 ulla
1530 3590 1753 3656 controversia.

478 3705 605 3755 narrant
636 3713 784 3754 coronam
819 3713 947 3754 auream
984 3695 1104 3752 Romae
1135 3689 1265 3770 regibus
1299 3690 1477 3753 francorum
1514 3691 1595 3753 tradi
1629 3690 1753 3752 solitam

477 3794 517 3853 ab
541 3793 618 3872 ipsis
652 3791 793 3852 Summis
829 3790 1044 3852 Pontificibus.
1071 3789 1164 3850 Ritus
1188 3799 1294 3850 noster
1318 3789 1358 3850 ad
1387 3791 1446 3851 hoc
1470 3791 1596 3852 videtur
1630 3808 1756 3868 compo·

477 3892 567 3961 situs,
591 3903 622 3952 et
645 3901 768 3952 suamet
791 3889 992 3968 simplicitate
1016 3888 1093 3968 (qua
1117 3898 1192 3948 nota
1215 3897 1300 3949 caret
1323 3893 1405 3950 rr‘lus
1429 3892 1462 3950 in
1486 3892 1627 3950 rrtrcn'one
1642 3909 1754 3966 regrum

478 3991 673 4050 Francorum
696 4010 734 4050 ex
757 3990 818 4050 cod.
844 3989 975 4050 Raloldr'
995 3989 1062 4049 abb.
1098 3989 1190 4065 (saec.
1216 3987 1260 4064 X)
1284 3986 1389 4048 editus
1413 4009 1431 4048 a
1464 3987 1606 4058 llenard,
1633 4009 1662 4067 p.
1691 4006 1751 4064 257

476 4099 507 4146 et
531 4091 611 4166 seq.)
646 4088 886 4149 commendatur
923 4097 1032 4166 utpote
1063 4085 1223 4166 genuinus
1254 4087 1527 4156 romanusordo.
1565 4086 1650 4147 Hinc
1685 4105 1754 4146 mea

476 4185 681 4246 confirmatur
715 4185 886 4254 sententia,
911 4184 1052 4246 codicem
1089 4195 1231 4244 nostrum
1256 4184 1375 4244 censeri
1407 4205 1499 4263 posse
1533 4184 1753 4264 apographum

476 4283 648 4345 authentici
680 4283 799 4345 codicis
836 4283 935 4363 ipsius
960 4286 1122 4344 Romanae
1150 4280 1307 4342 ecclesiae.
1346 4283 1443 4343 Porro
1467 4282 1497 4344 in
1523 4283 1622 4345 altero
1645 4281 1755 4343 codice

476 4381 720 4462 metropolitano
745 4384 778 4444 B.
815 4403 893 4444 saec.
923 4382 969 4442 XI
1008 4380 1162 4460 reperitur
1184 4383 1269 4441 alins
1291 4381 1364 4440 ordo
1387 4385 1613 4448 coronatione·
1636 4381 1690 4442 sed
1714 4381 1755 4441 de

475 4501 514 4541 eo
537 4499 640 4541 sermo
674 4480 818 4561 apposite
853 4480 1035 4542 instituetur
1057 4479 1098 4540 ad
1126 4478 1221 4538 huius
1246 4477 1418 4539 voluminis
1453 4479 1580 4550 calcem,
1606 4479 1660 4540 ubi
1700 4479 1754 4539 in-

476 4589 565 4656 teger
587 4579 699 4640 edetur
718 4599 789 4640 cum
808 4578 969 4640 nonnullis
992 4577 1062 4638 aliis
1085 4577 1251 4637 ordinibus
1275 4595 1332 4654 pro
1357 4597 1468 4656 regum
1485 4576 1752 4645 coronationibus,

476 4687 543 4737 tum
568 4676 704 4748 ineditis
730 4688 797 4737 tum
822 4677 924 4746 editis,
946 4688 982 4738 ut
1006 4697 1069 4737 uno
1092 4674 1254 4736 volumine
1277 4673 1487 4737 exhibeantur
1503 4677 1580 4738 varii
1606 4695 1663 4756 pro
1679 4687 1754 4737 tem·

477 4795 553 4853 pore
576 4774 656 4836 ritus
686 4774 800 4837 servati
830 4775 870 4836 ab
897 4773 1154 4854 Archiepiscopis
1176 4771 1300 4842 nostris,
1331 4773 1447 4852 quibus
1475 4775 1551 4836 haec
1577 4773 1755 4836 benedictio

477 4873 557 4934 iuter
580 4873 825 4952 metropoliticas
850 4872 1086 4954 praerogativas
1109 4871 1280 4950 spectabat.

525 4991 549 5032 1.
576 4971 653 5033 Ord.
681 4973 772 5033 Rom.
804 4992 871 5049 153,
899 4974 991 5033 Mart.
1018 4971 1094 5032 Ord.
1123 4971 1168 5029 Ill
1193 4973 1285 5048 (577)
1310 4969 1388 5031 Ord.
1416 4971 1470 5032 l'l.

522 5089 549 5130 2.
575 5069 652 5131 Ord.
680 5071 772 5132 Rom.
803 5092 872 5147 149,
902 5091 971 5148 153,
999 5071 1079 5131 llur.
1106 5075 1179 5146 460,
1207 5069 1298 5128 Mart.
1325 5068 1402 5129 Ord.
1430 5070 1476 5129 lll
1501 5073 1602 5149 (577).
