4078 6126
737 521 875 575 CANON
901 519 1047 572 MISSAE
1499 512 1533 574 87

254 637 547 648 —..--——

254 798 322 871 pro
350 769 506 846 ecclesia
533 784 596 843 tua
624 785 750 843 sancta
777 767 964 854 catholica,
990 793 1102 865 quam
1131 764 1322 863 pacificare
1351 762 1536 874 custodire

255 899 420 972 adunare
448 912 487 970 et
514 921 644 993 regere
671 893 836 993 digneris
855 911 935 969 toto
962 895 1053 968 orbe
1072 908 1260 976 terrarum,
1292 915 1467 964 unacum
1488 889 1539 963 sa·

257 1022 357 1097 mulo
372 1040 437 1096 tuo
452 1046 550 1119 papa
566 1037 691 1094 nostro
708 1019 755 1093 ill.
773 1020 977 1106 Mement0,
995 1019 1169 1104 Domine,
1188 1015 1407 1091 famulorum
1424 1015 1537 1088 lamu-

257 1149 450 1246 larumque
468 1164 625 1232 tuarum,
642 1163 680 1220 et
693 1147 858 1220 omnium
877 1143 1249 1230 circumadstantium,
1266 1165 1424 1241 quorum
1444 1140 1537 1215 fides

260 1275 324 1348 tibi
353 1273 503 1372 cognita
522 1287 590 1358 est,
616 1288 654 1345 et
672 1288 760 1346 nota
788 1271 948 1357 devotio,
970 1271 1033 1368 qui
1053 1269 1118 1343 tibi
1137 1268 1298 1344 offerunt
1316 1268 1386 1342 hoc
1405 1267 1540 1342 sacrifi·
1566 1298 1581 1348 5

256 1400 353 1474 cium
372 1398 492 1472 laudis
519 1425 586 1496 pro
606 1424 646 1472 se
665 1399 817 1495 suisque
835 1398 1018 1483 omnibus,
1041 1422 1109 1494 pro
1127 1394 1382 1492 redemptione
1396 1394 1539 1468 anima·

258 1551 338 1598 rum
358 1551 518 1610 suarum,
537 1551 603 1622 pro
623 1552 690 1622 spe
709 1523 837 1599 salutis
852 1540 891 1598 et
910 1522 1169 1598 incolumitatis
1188 1547 1278 1596 suae
1296 1521 1361 1595 tibi
1378 1520 1538 1595 reddunt

258 1667 344 1725 vota
364 1675 432 1724 sua
450 1666 602 1724 aeterno
624 1652 709 1725 Deo
723 1651 807 1724 vivo
826 1666 864 1725 et
877 1676 976 1724 vero.
999 1649 1326 1723 Communicantes
1344 1664 1384 1722 et
1401 1673 1538 1722 memo-

259 1777 349 1850 riam
375 1791 595 1850 venerantes
623 1777 658 1849 in
682 1777 809 1873 primis
834 1775 1019 1874 gloriosae
1039 1800 1187 1871 semper
1207 1774 1360 1872 virginis
1385 1773 1536 1860 Mariae,

259 1901 446 1998 genitricis
467 1901 539 1975 Dei
559 1917 597 1974 et
620 1901 772 1975 Domini
788 1902 902 1976 nostri
913 1902 1026 1999 Jhesu
1048 1900 1195 1988 Christi,
1212 1900 1279 1974 sed
1294 1917 1333 1974 et
1346 1901 1538 1974 beatorum
1571 1931 1603 1969 ιο

260 2025 512 2122 apostolorum
545 2051 588 2099 ac
617 2042 815 2124 martyrum
849 2043 1007 2114 tuorum,
1044 2027 1159 2114 Petri,
1197 2025 1317 2114 Pauli,
1351 2025 1537 2112 Andreae,

264 2151 395 2238 lacobi,
419 2151 604 2238 Iohannis,
626 2152 804 2239 Thomae,
829 2153 963 2238 lacobi,
987 2151 1154 2250 Philippi,
1179 2150 1438 2238 Bartholomei,
1462 2152 1541 2226 Ma·

263 2277 347 2364 thei,
379 2278 552 2373 Symonis
573 2294 611 2352 et
631 2278 768 2352 Datdei
789 2280 878 2378 (sz'c).
911 2280 1004 2366 Lini,
1036 2278 1144 2365 Cleti,
1175 2277 1390 2366 ClementiS,
1421 2278 1538 2375 Syxti,

265 2403 435 2490 Cornelii,
467 2403 652 2501 Cypriani,
685 2405 883 2492 laurentii,
910 2404 1145 2503 Chrisogoni,
1164 2403 1343 2502 Johannis
1362 2420 1400 2477 et
1424 2402 1537 2490 Pauli,

267 2528 425 2602 Cosmae
444 2545 482 2602 et
502 2529 687 2615 Damiani,
720 2529 862 2616 Hilarii,
896 2531 1055 2616 Martini,
1077 2547 1116 2604 et
1140 2529 1306 2604 omnium
1331 2545 1540 2604 sanctorum
1574 2552 1605 2602 15

267 2670 410 2727 tuorum
439 2680 596 2752 quorum
616 2655 755 2728 meritis
773 2655 1019 2752 precibusque
1038 2655 1231 2740 concedas
1254 2671 1295 2728 ut
1313 2653 1350 2728 in
1369 2655 1543 2729 omnibus

267 2781 503 2877 protectionis
531 2797 616 2854 tuae
645 2781 853 2856 muniamur
868 2781 1015 2868 auxilio,
1046 2807 1113 2879 per
1141 2781 1328 2856 Christum
1352 2781 1543 2854 dominum

269 2922 443 2980 nostrum.
463 2906 571 2980 Hanc
587 2907 699 3005 igitur
709 2906 933 2982 oblationem
949 2908 1134 2981 servitutis
1150 2923 1308 2994 nostrae,
1326 2907 1393 2980 sed
1408 2923 1446 2980 et
1459 2931 1544 2980 cun-

270 3047 348 3105 ctae
376 3029 534 3105 familiae
554 3049 649 3117 tuae,
675 3058 911 3130 quaesumus,
934 3033 1108 3120 Domine,
1130 3049 1171 3106 ut
1189 3032 1355 3129 placatus
1374 3032 1542 3130 accipias,

269 3156 423 3254 diesque
446 3173 593 3231 nostros
613 3159 648 3231 in
669 3174 732 3232 tua
750 3183 842 3255 pace
863 3157 1052 3255 disponas
1073 3174 1186 3256 atque
1205 3160 1253 3234 ab
1272 3175 1424 3233 aeterna
1444 3158 1545 3232 dam-
1574 3185 1607 3221 20

270 3284 417 3356 natione
446 3309 515 3357 nos
542 3285 643 3380 eripi,
665 3300 704 3358 et
731 3285 766 3356 in
796 3283 995 3358 electorum
1016 3300 1161 3359 tuorum
1186 3284 1314 3358 iubeas
1340 3309 1458 3382 grege
1479 3309 1548 3356 nu-

270 3409 409 3494 merari,
441 3434 507 3505 per
535 3408 722 3483 Christum
745 3409 937 3482 dominum
966 3425 1145 3483 nostrum.
1167 3409 1292 3504 Quam
1320 3407 1545 3484 oblationem

271 3551 308 3608 tu
342 3535 446 3608 Deus
475 3535 511 3608 in
540 3534 712 3608 omnibus
740 3559 967 3632 quaesumus
1003 3534 1259 3632 be†nedictam
1294 3535 1545 3631 as†scriptam,

271 3663 409 3758 raltarn
438 3661 690 3735 rationabilem
719 3661 1058 3759 acceptabilemque
1087 3662 1206 3736 lacere
1224 3661 1400 3760 digneris,
1421 3678 1463 3735 ut
1485 3687 1548 3735 no-

272 3787 327 3860 bis
354 3813 488 3884 corpus
516 3803 554 3860 et
581 3787 735 3886 sanguis
762 3788 826 3863 fiat
852 3787 1077 3862 dilectissimi
1108 3786 1187 3860 Filii
1217 3788 1280 3874 tui,
1311 3786 1463 3860 Domini
1487 3810 1549 3859 no·
1578 3820 1609 3870 25

272 3913 333 3988 stri
352 3912 465 4010 Jhesu
486 3911 632 3997 Christi,
660 3912 723 4010 qui
751 3913 869 4010 pridie
888 3939 1000 4011 quam
1020 3929 1217 4010 pateretur,
1246 3912 1388 4010 accepit
1414 3936 1549 4009 panem

193 4083 198 4092 ·
273 4038 307 4111 in
323 4054 469 4114 sanctas
482 4063 524 4112 ac
539 4037 768 4113 venerabiles
788 4066 919 4114 manus
935 4065 1032 4125 suas,
1051 4038 1203 4114 elevatis
1218 4037 1333 4113 oculis
1353 4039 1388 4112 in
1408 4035 1549 4110 caelum

273 4163 318 4237 ad
337 4178 374 4236 te
395 4164 519 4236 Deum
541 4164 685 4237 Patrem
706 4190 814 4238 suum
843 4165 1147 4262 omnipotentem,
1170 4164 1234 4238 tibi
1258 4164 1398 4262 gratias
1419 4187 1548 4260 agenS,

274 4288 507 4385 Belnedixit,
546 4289 671 4387 fregit,
715 4287 819 4363 dedit
854 4289 1043 4388 discipulis
1086 4290 1163 4364 suis
1204 4290 1349 4364 dicens:
1384 4286 1550 4384 Accipite

274 4431 310 4488 et
337 4415 558 4490 manducate
576 4441 622 4489 ex
650 4415 720 4489 hoc
748 4440 889 4502 omnes,
923 4417 1008 4489 Hoc
1035 4433 1093 4490 est
1125 4415 1223 4488 enim
1252 4439 1386 4511 corpus
1414 4437 1549 4486 meum.
1578 4435 1613 4485 30

274 4538 389 4614 Simili
420 4540 532 4616 modo
559 4557 830 4638 posteaquam
859 4557 1055 4616 coenatum
1083 4557 1155 4628 est,
1184 4539 1369 4638 accipiens
1392 4554 1430 4612 et
1454 4536 1551 4612 hunc

274 4665 499 4763 praeclarum
527 4665 676 4740 calicem
715 4667 750 4741 in
783 4683 929 4741 sanctas
956 4692 999 4740 ac
1026 4664 1256 4742 venerabiles
1284 4690 1417 4738 manus
1451 4689 1548 4747 suaS,

276 4791 360 4866 item
388 4792 453 4867 tibi
482 4792 621 4890 gratias
647 4818 776 4892 agenS,
809 4791 1078 4888 Be†nedixit....
1095 4789 1154 4890 ll)

318 5021 371 5110 **)
396 5024 508 5086 Cetera
531 5024 760 5097 desiderantur,
786 5025 913 5087 namin
938 5023 990 5085 sol.
1015 5043 1107 5086 verso
1127 5022 1240 5085 abraso
1262 5021 1303 5088 al.
1332 5042 1392 5083 ma.
1417 5040 1496 5083 saec.
1522 5019 1552 5080 X

277 5123 420 5204 ponitur:
443 5125 622 5186 Benedictio
646 5127 680 5186 in
710 5125 899 5187 dedr'calrone
928 5124 1088 5190 ecclam·
1111 5121 1196 5185 unde
1218 5119 1333 5183 deduci
1366 5129 1469 5199 potest
1496 5117 1554 5182 Ca·
