4078 6126
477 531 721 586 BENEDICTIO
740 531 869 585 SUPER
889 530 1040 584 SACRAS
1061 528 1263 589 VIRGINES,
1287 527 1371 580 ETC.
1529 542 1562 592 55

758 846 1086 919 BENEDICTIO

447 989 685 1096 SUPER
723 987 1017 1093 SACRAS
1055 987 1410 1094 VIRGINES

531 1154 650 1226 siun
680 1151 1149 1225 vssuunurouuu
1181 1153 1314 1227 nius.

401 1359 429 1406 t.
450 1333 556 1406 Deus
575 1349 808 1406 aeternorum
828 1332 1010 1405 bonorum
1031 1330 1242 1406 fidelissime
1263 1335 1474 1430 promissor,
1492 1361 1565 1408 cer-

288 1462 425 1535 tissime
449 1459 668 1556 prosolutor‚
691 1459 754 1555 qui
773 1458 1034 1532 vestimentum
1055 1458 1214 1532 salutare
1243 1477 1281 1533 et
1310 1441 1564 1535 indumentum
1613 1467 1627 1516 ⁵

288 1586 520 1660 iocunditatis
540 1586 612 1660 tuis
633 1585 802 1658 fidelibus
823 1586 1040 1682 promisisti;
1061 1585 1293 1659 clementiam
1310 1604 1410 1661 tuam
1431 1589 1565 1685 suppli-

286 1714 374 1786 citer
387 1737 597 1786 exoramus:
620 1728 659 1784 ut
678 1711 769 1785 haec
789 1712 1004 1785 indumenta
1028 1710 1271 1786 humilitatem
1291 1713 1411 1788 cordis
1426 1730 1464 1788 et
1482 1741 1566 1786 con-

287 1855 466 1934 temptum
488 1838 614 1911 mundi
635 1835 890 1935 significantia,
913 1838 1050 1935 quibus
1078 1837 1237 1911 famulae
1266 1855 1350 1913 tuae
1380 1839 1568 1913 visibiliter

286 1981 371 2038 sunt
400 1963 663 2049 informandae,
695 1965 875 2060 propitius
904 1963 1095 2058 proposito
1124 1963 1339 2039 benedicas:
1371 1983 1411 2038 ut
1434 1967 1566 2039 beatae

287 2090 462 2164 castitatis
492 2090 669 2174 habitum,
700 2116 812 2186 quem
841 2107 877 2162 te
905 2089 1092 2184 aspirante
1122 2091 1337 2187 suscipiunt,
1375 2109 1411 2165 te
1449 2109 1567 2188 prote·
1599 2109 1629 2144 ¹0

287 2233 399 2315 gente
421 2216 648 2300 custodiant;
679 2233 717 2289 et
744 2240 837 2314 quas
858 2215 1023 2288 vestibus
1052 2217 1284 2290 venerandae
1312 2220 1567 2314 promissionis

289 2343 408 2416 induis
437 2341 697 2438 temporaliter,
728 2343 839 2416 beata
868 2341 979 2414 facias
1008 2341 1280 2417 immortalitate
1308 2344 1444 2430 vestiri,
1475 2371 1551 2442 per.

436 2468 565 2540 ITEM
597 2468 800 2540 ORATIO
831 2467 1004 2541 SUPER
1033 2467 1299 2542 ANCILLAS
1331 2470 1420 2543 DEI

291 2593 489 2690 QUIBUS
511 2592 808 2667 CONVERSIS
830 2593 1176 2666 VESTIIIIENTA
1198 2595 1565 2684 mumioni)

398 2745 430 2793 2.
461 2718 517 2791 Te
545 2719 768 2804 invocamus
807 2719 969 2792 Domine
999 2736 1135 2804 sancte,
1175 2720 1284 2793 Pater
1317 2722 1564 2819 omnipotens,
1599 2742 1629 2791 15

289 2863 437 2920 aeterne
468 2845 584 2930 Deus,
610 2871 722 2940 super
749 2845 816 2918 has
846 2844 1001 2919 famulas
1030 2861 1123 2930 tuas,
1155 2873 1251 2943 quae
1280 2847 1343 2920 tibi
1372 2847 1569 2922 voluerunt

291 2973 425 3046 servire
453 2971 554 3070 puris
592 2971 777 3044 mentibus
811 2998 979 3069 puroque
1014 2972 1142 3045 corde:
1174 2990 1214 3047 ut
1245 2999 1310 3047 eas
1344 2974 1483 3048 sociare
1512 2974 1564 3047 di·

290 3099 414 3196 gneris
435 3099 528 3171 inter
548 3096 607 3169 illa
629 3114 776 3170 centum
797 3098 1044 3196 quadraginta
1066 3115 1225 3194 quatuor
1236 3098 1355 3204 ¹millia
1374 3100 1564 3181 infantum,

291 3225 352 3320 qui
381 3225 543 3322 virgines
572 3241 864 3320 permanserunt,
888 3241 985 3297 etse
1013 3251 1096 3296 cum
1127 3224 1340 3298 mulieribus
1369 3251 1442 3298 non
1471 3227 1567 3299 coin-

291 3352 550 3446 quinaverunt3
582 3350 616 3421 in
640 3375 797 3446 quorum
818 3377 881 3424 ore
910 3350 1017 3423 dolus
1043 3352 1214 3425 iuventus
1244 3378 1316 3425 non
1347 3371 1414 3426 est.
1448 3354 1502 3426 lta
1531 3370 1569 3426 et
1598 3384 1631 3418 20

292 3476 357 3549 bas
385 3475 541 3549 Iamulas
569 3492 651 3548 tuas
690 3475 800 3549 iacias
830 3501 1046 3572 permanere
1084 3475 1335 3550 immaculatas
1373 3505 1492 3575 usque
1520 3479 1567 3550 ad

294 3601 412 3686 finem,
444 3627 511 3699 per
529 3600 801 3674 immaculatum
818 3601 967 3697 Jlresum
994 3601 1156 3674 Cristum
1178 3603 1381 3676 Dominum
1403 3619 1567 3676 nostrum

292 3751 372 3798 cum
401 3752 476 3824 quo
505 3726 595 3798 vivis
623 3742 661 3798 et
689 3751 824 3822 regnas
855 3726 889 3797 in
920 3727 1070 3799 unitate.

433 3961 459 4011 5.
475 3943 650 4011 prosolutor:
673 3945 841 4010 persolutor.
863 3947 895 3998 C.
911 3976 943 3985 κ-
959 3961 984 4011 7.
1004 3957 1214 4014 contemptum:
1235 3965 1313 4002 corr.
1333 3965 1373 4002 ex
1391 3959 1567 4016 contemptu.

363 4056 396 4065 -
409 4031 435 4080 8.
450 4025 587 4078 lanrulae:
602 4041 679 4079 corr.
694 4042 733 4078 er.-
747 4025 879 4088 familiae,
895 4027 968 4080 utin
988 4030 1010 4081 C
1023 4033 1052 4082 el
1061 4029 1155 4084 editis.
1173 4059 1206 4068 -
1221 4029 1401 4084 visibiliter...
1417 4031 1569 4084 benedicas

363 4115 407 4160 ut:
428 4108 451 4160 C
470 4106 556 4173 legii:
574 4115 672 4158 sancto
692 4105 839 4159 visibiliter
858 4115 923 4160 sunt
939 4107 1135 4162 informandae
1154 4110 1311 4176 proposito,
1326 4111 1466 4177 propitius
1485 4113 1570 4165 bene-

364 4187 451 4250 dicas,
466 4197 504 4240 et.
521 4217 553 4224 -
570 4203 612 4239 ro.
626 4185 801 4252 suscipiunt:
822 4188 1007 4254 susceperint.
1022 4191 1055 4242 C.
1072 4221 1102 4228 -
1120 4193 1161 4244 16.
1178 4191 1343 4244 voluerunt:
1366 4200 1514 4246 voverunt.
1535 4195 1568 4246 C.

365 4299 397 4308 —
416 4282 457 4332 17.
473 4283 619 4333 puroque:
635 4266 811 4332 mundoque.
826 4269 859 4320 C.
871 4298 903 4307 ·-
915 4285 977 4322 eas:
990 4269 1053 4322 illas
1066 4270 1132 4323 iam.
1147 4272 1180 4324 C.
1193 4301 1226 4309 -
1241 4286 1283 4337 19.
1298 4271 1567 4340 coinquinaverunt:

364 4365 442 4402 corr.
456 4365 495 4402 ea·
508 4347 798 4416 quoinquinaverunt.
814 4379 848 4386 -
862 4365 905 4402 22.
919 4351 1037 4418 jhesum
1053 4351 1198 4405 Christum
1213 4352 1369 4406 Dominum
1384 4364 1525 4407 nostrum:
1547 4359 1569 4408 C

365 4429 448 4497 legit:
462 4428 620 4482 IIomInum
634 4437 763 4482 nostrum
775 4429 893 4496 jhesum
908 4431 1062 4485 Christum.
1075 4460 1108 4472 -
1123 4449 1165 4498 23.
1181 4449 1299 4498 regnas:
1315 4451 1417 4500 regnas
1431 4437 1520 4488 Deus.
1535 4437 1568 4490 C.

344 4649 368 4690 1.
394 4629 473 4690 Ord.
512 4631 604 4690 Rom.
636 4650 705 4708 154,
736 4637 805 4707 158.
843 4631 912 4692 Gel.
940 4637 998 4708 631
1026 4635 1132 4710 (157),
1160 4631 1243 4692 Men.
1274 4637 1347 4710 167,
1375 4633 1456 4692 Mur.
1494 4653 1568 4711 451,

297 4727 390 4791 Gerb.
416 4749 468 4804 93,
494 4747 545 4805 95.
574 4729 666 4790 Mart.
693 4730 771 4790 Ord.
799 4729 821 4790 l.

342 4847 368 4886 2.
394 4826 473 4888 Ord.
511 4827 603 4888 Rom.
646 4833 719 4896 166,
745 4827 813 4889 Gel.
841 4835 899 4905 631
929 4828 1145 4910 (158).¹Ilur.
1171 4848 1249 4906 453,
1275 4828 1370 4888 Gerb.
1398 4849 1448 4906 97,
1476 4831 1567 4892 Mart.

297 4924 374 4986 Ord.
400 4925 423 4997 1,
451 4925 490 4986 11.
538 4921 571 5003 *)
596 4927 683 4988 Haec
718 4926 896 4988 benedictio
919 4927 951 4987 in
981 4927 1059 4988 Ord.
1087 4927 1189 4996 Rom,
1215 4926 1234 4988 l.
1260 4948 1296 4996 c.,
1323 4927 1477 5006 reperitur
1510 4930 1570 4990 sub

297 5021 396 5085 ruba:
425 5023 661 5085 «Consecratio
678 5024 858 5104 Virginum‚
877 5047 958 5105 quae
981 5046 999 5085 a
1023 5024 1147 5086 saeculo
1164 5045 1347 5095 conversae,
1367 5025 1397 5086 in
1422 5026 1571 5088 domibus

301 5120 398 5182 «suis
421 5133 602 5201 susceptum
626 5123 779 5185 castitatis
802 5125 945 5186 habitum
970 5122 1117 5204 privatim
1142 5125 1311 5185 observare
1334 5123 1501 5186 voluerint.
1520 5153 1536 5182 »
