4078 6126
466 521 499 580 58
863 516 1129 569 PONTIFICALE
1154 516 1264 569 SAEC.
1293 515 1344 568 IX.

466 781 592 838 rentur
611 762 712 861 quod
733 763 868 859 nuptiis
896 763 1027 860 agitur,
1056 763 1122 836 sed
1145 762 1343 860 diligerent
1364 763 1465 861 quod
1487 764 1624 860 nuptiis
1644 789 1746 860 prae-

469 907 625 964 notatur.
648 889 816 987 Agnovit
833 906 1021 963 auctorem
1041 915 1148 962 suum
1174 890 1284 963 beata
1303 891 1504 989 virginitas,
1536 907 1574 962 et
1600 889 1745 963 aemula

469 1016 688 1114 integritatis
715 1014 916 1112 angelicae.
949 1014 1043 1087 illius
1081 1013 1253 1098 thalamo,
1285 1014 1380 1089 illius
1421 1015 1589 1089 cubiculo
1618 1041 1659 1089 se
1686 1015 1747 1088 de-

468 1143 584 1227 vovit,
615 1142 677 1240 qui
708 1143 758 1214 sic
788 1157 989 1238 perpetuae
1018 1143 1236 1239 virginitatis
1265 1160 1323 1217 est
1359 1169 1535 1242 sponsus,
1572 1143 1748 1240 quemad·

427 1309 441 1359 5
470 1269 621 1342 modum
644 1269 863 1366 virginitatis
885 1285 942 1343 est
963 1268 1069 1342 filius.
1093 1267 1305 1365 imploranti
1325 1294 1416 1366 ergo
1436 1269 1609 1343 auxilium
1631 1287 1745 1350 tuum,

472 1395 644 1479 Domine,
675 1412 714 1468 et
740 1381 945 1467 confirmari
975 1420 1015 1467 se
1048 1394 1315 1468 benedictionis
1345 1413 1430 1468 tuae
1471 1397 1747 1470 consecratione

470 1521 642 1617 cupienti,
664 1521 712 1594 da
737 1521 974 1617 protectionis
993 1537 1079 1594 tuae
1099 1521 1286 1595 munimen
1310 1538 1347 1594 et
1366 1523 1543 1619 regimen,
1567 1548 1613 1596 ne
1632 1522 1749 1596 hostis

470 1647 655 1745 antiquus,
687 1648 749 1744 qui
770 1645 1026 1722 excellentiora
1057 1646 1178 1720 studia
1207 1647 1457 1722 subtilioribus
1487 1649 1635 1724 inlestat
1663 1649 1751 1722 insi·

472 1773 558 1858 diis,
590 1774 637 1847 ad
670 1772 938 1847 obscurandam
982 1771 1165 1868 perlectae
1194 1773 1441 1847 continentiae
1483 1775 1643 1870 palmam
1685 1801 1751 1871 per

416 1945 445 1980 ,υ
472 1899 632 1995 aliquam
663 1900 796 1973 mentis
825 1916 949 1995 serpat
977 1898 1162 1978 incuriam,
1195 1917 1231 1972 et
1250 1899 1368 1995 rapiat
1396 1899 1443 1972 de
1471 1899 1662 1995 proposito
1684 1900 1750 1971 vir·

473 2027 621 2122 prinum,
658 2025 759 2123 quod
793 2027 904 2098 etiam
934 2025 1098 2098 moribus
1140 2025 1247 2099 decet
1281 2025 1403 2098 inesse
1438 2027 1658 2122 nuptiarum.
1695 2027 1752 2098 Sit

476 2153 594 2236 inea,
628 2152 800 2236 Domine,
832 2151 970 2224 donum
1001 2151 1160 2246 Spiritus
1182 2151 1251 2224 tui:
1283 2151 1446 2246 prudens
1476 2152 1666 2233 modestia,
1698 2179 1755 2225 sa-

475 2277 580 2372 piens
609 2275 835 2372 benignitaS,
867 2274 989 2372 gravis
1018 2273 1167 2361 lenitas,
1199 2293 1300 2348 casta
1328 2275 1489 2349 libertas.
1523 2277 1564 2348 ln
1602 2277 1752 2350 caritate

475 2401 623 2485 ferveat,
662 2419 699 2474 et
733 2399 820 2473 nihil
856 2417 958 2473 extra
991 2418 1027 2472 te
1056 2400 1202 2498 diligat;
1232 2399 1463 2474 laudabiliter
1491 2403 1598 2488 vivat,
1629 2401 1752 2476 lauda·

417 2565 447 2614 15
477 2529 580 2624 rique
609 2552 681 2600 non
717 2542 878 2622 appetat.
911 2525 943 2596 T
945 2551 965 2598 e
995 2527 1030 2598 in
1074 2527 1266 2600 sanctitate
1308 2527 1480 2622 corporis,
1513 2543 1548 2600 te
1578 2527 1614 2599 in
1642 2527 1752 2601 animi

478 2655 533 2727 sui
562 2653 728 2749 purificet
746 2653 828 2754 (sic)
858 2677 993 2736 amore,
1027 2669 1062 2724 te
1083 2651 1219 2736 timeat,
1245 2676 1373 2725 amore
1401 2669 1437 2724 te
1466 2652 1610 2725 serviat.
1641 2652 1698 2725 Tu
1719 2655 1752 2727 ei

477 2778 597 2854 honor
637 2781 704 2866 sis,
737 2795 773 2851 tu
804 2778 1000 2876 gaudium,
1032 2794 1070 2850 tu
1108 2776 1296 2862 voluntas,
1328 2794 1366 2850 tu
1410 2778 1445 2850 in
1489 2803 1657 2850 moerore
1698 2805 1754 2852 so-

477 2905 619 2993 lacium,
651 2923 689 2980 tu
719 2908 754 2978 in
783 2905 1025 3000 ambiguitate
1045 2901 1247 2988 consilium,
1274 2921 1313 2976 tu
1343 2904 1379 2976 in
1408 2905 1538 2977 iniuria
1566 2903 1753 2988 defensio:

480 3032 515 3104 in
536 3031 769 3106 tribulatione
790 3031 980 3128 pacientia,
1003 3032 1039 3104 in
1059 3044 1276 3127 paupertate
1303 3030 1540 3116 abundantia,
1564 3032 1600 3104 in
1620 3033 1755 3106 ieiunio

419 3190 452 3226 ιο
480 3158 598 3243 cibus,
630 3158 666 3230 in
696 3156 904 3230 infirmitate
945 3155 1138 3228 medicina.
1171 3155 1211 3227 ln
1241 3172 1278 3227 te
1306 3153 1442 3229 habeat
1474 3158 1612 3236 omnia.
1644 3183 1755 3254 quem

480 3281 635 3381 diligere
663 3283 804 3380 appetit
840 3307 952 3378 super
979 3282 1120 3368 omnia;
1150 3297 1188 3354 et
1215 3282 1316 3378 quod
1346 3299 1404 3353 est
1431 3281 1598 3377 professa
1638 3301 1759 3356 custo·

480 3409 566 3494 diat,
594 3408 785 3482 scrutatori
805 3425 1038 3504 peccatorum
1061 3433 1134 3480 non
1153 3432 1306 3503 corpore
1326 3406 1512 3504 placitura,
1535 3409 1600 3481 sed
1620 3425 1754 3482 mente.

482 3534 664 3608 Transeat
696 3534 731 3606 in
762 3558 955 3606 numerum
990 3533 1210 3628 sapientium
1240 3532 1461 3629 puellarum,
1493 3551 1533 3605 ut
1560 3533 1756 3608 caelestem

481 3684 658 3756 sponsum
687 3659 850 3732 accensis
878 3657 1110 3753 lampadibus
1138 3682 1221 3729 cum
1260 3657 1344 3730 oleo
1373 3659 1662 3754 praeparationis
1699 3685 1760 3732 ex-

420 3821 452 3870 25
481 3801 620 3885 pectet;
651 3811 717 3858 nec
746 3785 891 3858 turbata
924 3784 1109 3880 improvisi
1145 3785 1244 3882 regis
1272 3784 1443 3869 adventu,
1475 3805 1644 3862 secutura
1674 3812 1757 3859 cum

481 3912 635 3997 lumine,
681 3927 721 3984 ut
763 3909 1060 4007 praecedentium
1102 3909 1214 3984 choro
1250 3911 1437 4008 iungatur,
1469 3930 1649 3999 occurrat,
1691 3937 1758 3986 nec

481 4037 718 4112 exclaudatur
745 4062 828 4112 cum
870 4035 1006 4120 stultis;
1025 4036 1200 4133 ‘regalem
1229 4038 1376 4110 ianuam
1404 4064 1487 4110 cum
1530 4039 1758 4135 sapientibus

481 4165 684 4262 virginibus
707 4163 857 4236 licenter
877 4163 1043 4247 introeat,
1076 4163 1168 4234 etin
1197 4164 1284 4260 agni
1304 4164 1355 4236 tui
1377 4182 1557 4260 perpetuo
1583 4165 1757 4238 comitatu

481 4289 681 4386 probabilis
711 4313 882 4362 mansura
910 4288 1077 4361 castitate
1106 4307 1330 4384 permaneat,
1363 4314 1438 4385 per.

624 4582 650 4629 4.
667 4563 851 4630 virginitatis:
867 4573 1021 4629 perpetuae
1035 4561 1214 4628 uirginitatis.
1229 4565 1262 4616 C.
1281 4595 1312 4601 -
1329 4579 1353 4627 7.
1374 4581 1411 4617 ne
1424 4565 1514 4618 hostis
1526 4565 1676 4632 antiquus:
1697 4583 1761 4619 cum

554 4651 576 4702 C
595 4651 623 4700 et
639 4645 722 4698 edilis
741 4661 818 4698 corr.
839 4661 893 4698 ex:
906 4643 942 4695 de
956 4643 1038 4696 hoste
1057 4643 1185 4709 antiquo,
1206 4660 1259 4710 quo
1279 4645 1308 4696 iu
1327 4660 1392 4698 casu
1412 4647 1507 4698 nullut
1524 4651 1567 4700 cst
1582 4663 1680 4700 sensus
1698 4664 1761 4702 ver-

554 4729 653 4781 borum
667 4742 738 4792 quac
756 4728 919 4792 sequuntur.
937 4754 968 4762 -·-
984 4741 1026 4777 12.
1041 4723 1166 4777 donum:
1188 4740 1238 4790 per
1257 4723 1376 4778 donum.
1391 4727 1424 4778 C.
1439 4755 1473 4764 —
1489 4741 1530 4792 13.
1552 4727 1660 4793 gravis:
1681 4744 1760 4781 corr.

555 4827 609 4862 cr:
622 4806 711 4871 graui.
729 4835 756 4844 -
777 4820 818 4869 15.
839 4804 926 4858 animi
946 4804 1003 4856 sui:
1025 4804 1138 4856 animae
1157 4820 1235 4857 suae.
1257 4807 1289 4858 C.
1311 4833 1344 4846 -
1365 4809 1406 4859 16.
1427 4806 1570 4872 purificet:
1591 4824 1631 4860 ea·
1650 4808 1761 4861 incuria

556 4885 736 4941 ‹rmunucnsis
744 4892 817 4954 pro:
836 4885 958 4951 puritate
977 4883 1126 4956 glorificet.
1148 4888 1180 4936 ul
1199 4885 1228 4937 r'rr
1248 4887 1280 4938 C.
1299 4917 1303 4922 -
1323 4885 1370 4937 -ei
1386 4886 1494 4940 honor:
1516 4888 1609 4942 horror
1622 4888 1658 4942 ei.
1674 4891 1706 4942 C.
1728 4917 1761 4930 —

557 4986 599 5022 22.
620 4966 784 5020 scrutatori:
806 4983 883 5018 corr.
898 4982 937 5018 ea·
951 4965 1077 5018 scrutari.
1094 4994 1127 5006 -
1143 4982 1156 5017 2
1160 4981 1185 5029 3.
1208 4981 1373 5018 numerum:
1396 4983 1421 5020 r.
1443 4983 1499 5021 inu.
1520 4984 1650 5029 numero,
1665 4969 1764 5022 deiude

555 5067 632 5102 corr.
654 5063 710 5100 inu.
731 5045 824 5100 dubia.
839 5077 873 5084 -
892 5063 934 5110 25·
955 5057 1100 5099 secutura:
1119 5045 1170 5098 sed
1189 5062 1297 5099 secura.
1318 5047 1350 5100 C.
1366 5077 1399 5085 -
1417 5052 1459 5101 26.
1480 5059 1511 5102 ut
1530 5049 1762 5116 praecedentium

556 5132 644 5184 cltoro
663 5127 847 5195 iungatur2C
867 5127 951 5194 legit:
969 5137 996 5180 et
1017 5125 1248 5194 praecedentium
1268 5127 1356 5182 choro
1376 5128 1512 5184 iocanter.
1530 5161 1560 5170 —
1576 5147 1644 5184 nec:
1667 5145 1712 5184 ne.
1727 5133 1760 5184 C.
