4084 6128
929 515 1195 570 PONTIFICALE
1220 516 1329 570 SAEC.
1359 515 1411 569 IX.

819 837 1137 938 [ouurunno
1169 836 1525 936 caesuriem]

641 1039 700 1108 25.
731 1017 913 1090 Alloculz'o
940 1018 995 1090 ad
1010 1019 1189 1114 populum
1219 1019 1262 1091 de
1288 1019 1514 1091 ordinatione
1534 1019 1750 1116 presbylerr'.

639 1143 836 1238 Quoniam,
854 1143 1077 1218 dilectissimi
1099 1144 1237 1228 fratres,
1255 1145 1494 1242 gubernatori
1516 1146 1619 1218 navis
1634 1162 1672 1219 et
1691 1145 1813 1218 nautis

532 1269 662 1343 eadem
683 1286 740 1343 est
767 1293 878 1342 causa
901 1270 1105 1343 securitatis
1125 1286 1164 1343 et
1192 1271 1342 1356 timoriS,
1365 1272 1572 1344 communis
1595 1271 1709 1344 debet
1730 1295 1813 1342 esse

457 1379 501 1468 ¹s
533 1397 731 1470 sententia:
762 1412 800 1469 et
829 1421 875 1470 ne
904 1396 1111 1493 cogitemus
1141 1394 1273 1469 fntstra
1293 1421 1314 1468 a
1334 1396 1500 1492 patribus
1529 1397 1747 1480 institutum,
1774 1411 1815 1468 ut

531 1523 578 1596 de
604 1523 783 1597 electione
806 1547 945 1608 corum,
971 1523 1033 1618 qui
1063 1521 1110 1594 ad
1140 1522 1305 1619 regimen
1334 1521 1458 1596 altaris
1486 1523 1685 1597 adhibendi
1716 1539 1811 1608 sunt,

531 1647 742 1722 consuletur
767 1663 804 1720 et
832 1645 1011 1744 populus;
1042 1647 1129 1745 quia
1161 1647 1263 1744 quod
1298 1647 1489 1745 ignoratur
1516 1675 1539 1722 a
1567 1649 1704 1745 paucis
1738 1673 1812 1722 non

534 1797 733 1872 numquam
758 1772 869 1846 scitur
896 1797 919 1844 a
946 1770 1132 1868 pluribus;
1162 1789 1200 1846 et
1221 1799 1371 1847 necesse
1392 1791 1492 1848 esset
1512 1791 1552 1848 ut
1572 1774 1712 1847 facilius
1732 1775 1815 1870 quis

677 2053 700 2092 1.
722 2037 962 2108 [ORDINATIO
995 2035 1252 2107 PRESIIYTERI]
1272 2040 1361 2106 suppl.
1382 2055 1421 2092 en·
1439 2038 1531 2092 edilis.
1554 2067 1587 2080 -
1608 2053 1633 2103 7.
1654 2041 1719 2092 aule
1737 2039 1816 2104 quod

602 2135 718 2173 eroruus
736 2135 762 2172 c.

532 2370 565 2419 et
593 2378 662 2419 mos
698 2359 852 2421 hactenus
875 2359 971 2440 viget,
996 2357 1122 2420 diaconi
1158 2371 1256 2436 supra·
1288 2355 1457 2418 dalmatica
1480 2356 1663 2419 deserebant
1693 2357 1817 2425 stolam,

533 2477 668 2538 eamque
691 2477 754 2519 non
778 2458 920 2520 eiusdem
949 2457 1046 2538 panni
1078 2477 1143 2536 quo
1166 2455 1331 2517 constabat
1355 2455 1470 2525 tunica,
1500 2455 1583 2517 sicut
1614 2455 1646 2517 S.
1681 2455 1816 2518 Carolus

532 2555 564 2617 in
588 2556 655 2617 suis
677 2557 938 2618 Instmctiom'bus
962 2557 993 2617 in
1018 2557 1077 2618 bac
1101 2566 1189 2635 parte
1212 2554 1252 2614 ab
1275 2553 1485 2615 ecclesiastica
1508 2553 1679 2616 traditione
1701 2554 1818 2616 discre-

532 2653 682 2734 pantibus
705 2654 916 2735 praescripsit.
963 2651 1017 2733 *ἢ
1042 2652 1163 2715 Ultima
1178 2652 1313 2724 rubrica,
1334 2673 1416 2733 quae
1435 2652 1498 2714 fere
1522 2652 1562 2714 ad
1586 2653 1719 2714 verbum
1743 2673 1816 2714 con·

531 2765 623 2815 sonat
645 2774 717 2815 cum
740 2754 818 2815 Ord.
845 2755 939 2818 Rom.
965 2753 1054 2824 VIII,
1080 2773 1109 2830 3,
1135 2751 1220 2831 apud
1239 2752 1404 2821 Mobillon,
1429 2751 1565 2832 explicat
1587 2773 1643 2814 cur
1658 2752 1764 2814 adhuc
1781 2751 1814 2812 in

531 2851 662 2914 ecclesia
685 2864 793 2914 nostra
817 2850 1070 2932 metropolitana,
1097 2850 1128 2910 in
1144 2848 1275 2911 sedibus
1291 2849 1474 2912 choralibus
1489 2849 1632 2912 canonici
1650 2849 1812 2912 Ordinarii

533 2949 667 3012 Diaconi
685 2950 724 3012 ad
741 2950 826 3012 sedis
840 2948 1120 3029 archiepiscopalis
1135 2948 1296 3009 dexteram
1315 2948 1387 3010 licet
1406 2947 1585 3029 digniorem
1604 2961 1725 3034 partem
1742 2968 1815 3010 con-

531 3049 669 3122 sideant,
686 3049 860 3128 presbyteri
874 3069 949 3110 vero
962 3047 1104 3110 eiusdem
1121 3046 1243 3109 ordinis
1255 3047 1295 3108 ad
1312 3046 1481 3110 sinistram.
1497 3048 1602 3126 Quam
1615 3047 1815 3110 venerandae

531 3146 729 3227 antiquitatis
744 3146 786 3208 sit
802 3167 870 3209 mos
887 3147 944 3210 iste
963 3157 1086 3208 constat
1098 3145 1191 3208 etiam
1207 3166 1245 3206 ex
1257 3145 1404 3225 superius
1416 3146 1512 3208 citato
1524 3145 1629 3208 rotulo
1641 3168 1691 3208 an.
1716 3167 1814 3224 1203;

532 3245 574 3306 ibi
595 3245 679 3307 enim
698 3245 779 3307 inter
803 3244 1080 3325 Archipresbyteri
1107 3245 1147 3306 D.
1173 3243 1337 3306 Guilielmi
1364 3244 1453 3306 Balbi
1478 3245 1699 3325 responsiones
1722 3245 1814 3324 plura

530 3344 571 3406 de
587 3345 681 3406 banco
696 3345 906 3416 diaconomm,
933 3354 968 3405 ut
991 3345 1165 3414 dicebatur,
1184 3343 1224 3404 ad
1249 3342 1458 3405 eruditionem
1484 3343 1574 3405 utilia
1597 3343 1757 3424 leguntur,
1775 3364 1815 3405 ex

530 3443 648 3523 quibus
670 3443 836 3522 sequentia
858 3443 1003 3523 decerpo.
1029 3442 1081 3503 Ad
1100 3440 1317 3523 quaestionem
1336 3443 1498 3522 quomodo
1515 3442 1582 3522 ipse
1597 3442 1716 3504 diceret
1739 3442 1815 3503 ban·

530 3561 612 3612 cum,
634 3541 721 3621 quod
738 3541 770 3603 in
787 3541 884 3604 choro
901 3552 949 3604 est
964 3564 984 3603 a
1000 3548 1101 3606 monte
1113 3540 1193 3602 idest
1205 3540 1245 3601 ad
1259 3541 1420 3602 dexteram
1437 3540 1624 3621 episcopalis
1639 3541 1733 3612 sedis,
1748 3561 1816 3621 per·

531 3639 631 3702 tinere
653 3640 694 3701 ad
717 3640 878 3712 diaconos,
903 3640 1087 3720 respondit:
1117 3663 1133 3694 «
1212 3639 1287 3719 quia
1312 3638 1392 3702 vidit
1422 3640 1585 3721 quoddam
1609 3639 1812 3720 privilegium

535 3738 647 3800 «beati
672 3737 800 3800 Galdini
826 3737 1091 3820 (Archiepiscopi)
1108 3737 1139 3798 in
1157 3758 1222 3817 quo
1244 3736 1425 3800 continetur
1447 3759 1486 3800 ex
1501 3737 1633 3819 antiqua
1648 3749 1815 3800 consuetu·

535 3836 639 3897 «dine
661 3837 749 3917 quod
778 3837 821 3898 ita
843 3838 1008 3899 obtentum
1033 3847 1089 3909 est,
1114 3836 1202 3916 quod
1227 3835 1305 3898 illud
1330 3834 1371 3897 sit
1388 3838 1523 3898 bancum
1540 3838 1757 3906 diaconorum,
1782 3847 1814 3897 et

536 3935 705 3998 «decrevit
727 3935 759 3996 in
784 3935 838 3998 illo
862 3935 1033 4016 privilegio
1049 3934 1136 4015 quod
1155 3933 1235 3996 illud
1253 3935 1388 3996 bancum
1407 3935 1565 4015 pertineat
1581 3935 1622 3998 ad
1640 3935 1726 3998 solos
1748 3934 1814 3996 dia-

536 4054 662 4096 «conos
685 4033 813 4114 majoris
841 4034 1000 4106 ecclesiae,
1026 4045 1057 4095 et
1087 4033 1174 4115 quod
1207 4032 1314 4094 nullus
1337 4033 1585 4096 decumanorum
1621 4034 1736 4096 habeat
1759 4033 1814 4114 jus

536 4131 696 4196 «sedendi
721 4132 752 4194 in
777 4133 878 4195 banco
903 4132 978 4194 illo:
1002 4145 1034 4196 et
1058 4132 1136 4194 illud
1162 4131 1365 4212 privilegium
1389 4133 1609 4194 confirmatum
1638 4144 1686 4194 est
1708 4144 1814 4194 aucto-

536 4231 657 4294 «ritate
682 4231 812 4294 Domini
837 4230 1011 4293 Alexandri
1034 4232 1146 4310 Papae,
1165 4245 1196 4292 et
1215 4230 1348 4310 ipsemet
1372 4231 1438 4293 vidi
1463 4231 1757 4302 confirmationem
1781 4241 1813 4292 et

536 4329 643 4392 «dicit
666 4330 752 4410 quod
776 4341 824 4392 est
847 4329 1026 4392 communis
1050 4330 1132 4392 sama
1154 4329 1240 4409 quod
1266 4329 1346 4390 illud
1369 4341 1416 4392 est
1440 4331 1576 4393 bancum
1605 4330 1809 4392 diaconorum

537 4439 596 4491 «et
615 4417 702 4490 aliud
722 4439 769 4490 est
786 4431 921 4491 bancum
946 4431 1279 4509 presbyterorum...»
1301 4429 1341 4489 Et
1358 4429 1453 4508 paulo
1471 4429 1551 4490 insra
1566 4427 1682 4490 adiecit
1701 4427 1812 4508 «quod

537 4527 714 4608 «quotiens
737 4527 1006 4607 Archiepiscopus
1029 4539 1121 4589 vocat
1145 4527 1264 4588 clerum
1288 4539 1320 4588 et
1343 4527 1432 4588 sedet
1455 4540 1620 4607 praesente
1636 4526 1729 4598 clero,
1755 4526 1813 4585 Ar-

537 4625 771 4688 «chidiaconus
787 4625 876 4688 sedet
888 4626 980 4707 juxta
996 4625 1281 4706 Arcbiepiscopum
1299 4647 1317 4686 a
1336 4625 1446 4686 dextra
1470 4637 1568 4706 parte,
1590 4625 1678 4686 nullo
1695 4625 1809 4692 medio,

536 4747 553 4778 «
566 4733 597 4784 et
614 4723 880 4804 Archipresbyter
895 4745 913 4786 a
929 4724 1098 4788 sinistra».
1118 4723 1324 4803 Privilegium
1343 4725 1375 4788 S.
1394 4725 1523 4785 Galdini
1546 4725 1625 4786 sorte
1644 4734 1692 4785 est
1707 4723 1810 4802 ipsum

544 4842 595 4883 am
619 4822 740 4884 editum
764 4845 782 4884 a
807 4825 969 4897 Prm'cellr',
995 4825 1139 4886 Momm.
1163 4825 1264 4884 Basil.
1289 4824 1434 4883 Ambros.
1460 4843 1489 4900 p.
1516 4829 1589 4899 918,
1614 4835 1645 4884 et
1675 4823 1810 4901 Ilghellr'.

531 4920 604 4985 Ital.
629 4941 707 4984 sacr.
733 4929 751 4984 l.
776 4923 837 4984 IV
855 4925 908 4984 col.
933 4942 1001 5002 157,
1027 4927 1069 5002 (v.
1095 4923 1190 4984 etiam
1215 4921 1247 4982 in
1271 4930 1335 4982 not.
1366 4921 1406 4982 ad
1431 4923 1602 4983 Beroldum
1634 4942 1663 5001 p.
1698 4925 1758 4998 176
1781 4932 1812 4980 et

532 5017 621 5104 seq),
647 5021 702 5082 sed
725 5021 997 5084 confirmationem
1021 5019 1226 5101 apostolicam
1252 5018 1345 5098 plane
1369 5017 1491 5097 ignoro.

580 5137 630 5194 25.
655 5118 733 5180 Ord.
761 5119 852 5182 Rom.
884 5139 953 5193 102,
980 5121 1062 5182 Mur.
1088 5140 1162 5198 411,
1189 5117 1276 5179 Miss.
1304 5117 1414 5178 Franc.
1441 5123 1514 5188 666,
1541 5119 1633 5180 Mart.
1657 5117 1735 5178 Ord.
1755 5117 1808 5177 ll'.
