4078 6126
478 523 529 559 110
728 507 931 561 APPENDIX
952 507 1008 560 ΑΙ)
1030 507 1297 563 ΡΟΝΤΙΡΙΕΑΙΕ
1316 509 1426 564 SAEC.
1449 511 1500 564 IX.

474 754 656 840 discutiat,
688 753 953 828 invalescentes
973 770 1076 829 estus
1105 754 1261 828 febrium
1282 770 1319 828 et
1338 779 1488 827 causam
1511 753 1671 827 universi
1691 753 1754 825 do-

474 880 561 954 loris
588 896 747 954 avertat:
784 895 824 954 ut
859 880 932 954 fide
966 880 1185 964 sanctitatis,
1224 880 1352 978 vigore
1386 898 1584 976 concepto,
1622 878 1755 953 reserat

477 1007 561 1079 Deo
592 1007 688 1081 Patri
717 1006 962 1104 omnipotenti
989 1007 1128 1104 gratias
1157 1007 1402 1104 sempiternas
1422 1032 1496 1110 per
1525 1007 1739 1079 Dominum.

587 1155 621 1225 3.
651 1133 744 1204 Alia
771 1133 910 1206 oralzo:
940 1132 1046 1205 Deus
1075 1130 1225 1205 humani
1245 1132 1394 1230 generis
1423 1148 1575 1217 creator,
1597 1132 1673 1228 qui,
1693 1132 1754 1204 de·

429 1289 444 1340 5
475 1259 591 1357 pulsis
619 1259 760 1332 cunctis
778 1257 969 1331 doloribus
998 1257 1143 1344 nostris,
1166 1256 1294 1331 salutis
1314 1257 1479 1332 medicus
1498 1258 1659 1343 extitisti,
1690 1258 1752 1353 qui

475 1412 541 1483 per
559 1384 750 1483 apostolos
769 1402 853 1458 tuos
874 1401 1089 1459 vexatorum
1109 1383 1351 1482 languoribus
1370 1385 1527 1483 gratiam
1556 1385 1753 1458 sanitatum

474 1511 698 1610 praestitisti,
729 1527 767 1584 te
794 1511 980 1608 supplices
1008 1511 1268 1607 deprecamur:
1293 1529 1334 1586 ut
1352 1536 1466 1608 super
1493 1511 1587 1584 hanc
1615 1526 1753 1583 creatu-

475 1664 562 1712 ram
580 1638 651 1713 olei
681 1636 898 1711 inviolabilis
926 1637 1068 1710 virtutis
1097 1654 1183 1710 tuae
1206 1663 1340 1710 munus
1365 1637 1548 1711 infundas
1565 1639 1590 1732 †
1605 1637 1655 1708 Et
1673 1660 1753 1708 san·

474 1765 591 1839 ctifica
618 1763 886 1838 benedictionis
918 1779 1004 1838 tuae
1033 1788 1195 1848 munere,
1232 1778 1270 1836 et
1300 1765 1415 1837 sancti
1445 1763 1603 1861 Spiritus
1638 1762 1753 1836 inum-

414 1925 446 1962 ιο
474 1891 580 1964 brata
607 1891 751 1963 virtute.
782 1891 831 1963 Et
859 1889 1192 1986 quotienscumque
1221 1888 1382 1963 fidelium
1403 1906 1549 1964 tuorum
1579 1887 1752 1961 membris

475 2015 595 2090 inlusa
624 2015 741 2101 luerit,
772 2013 958 2088 confracta
986 2014 1130 2100 solidet,
1162 2030 1199 2088 et
1227 2014 1443 2112 languentia
1472 2014 1605 2098 foveat,
1635 2013 1683 2086 ad
1703 2029 1753 2085 ta-

473 2159 649 2238 ctumque
671 2139 882 2214 hominibus
902 2139 1034 2213 inserat
1052 2140 1186 2231 mentis
1205 2156 1243 2212 et
1264 2140 1428 2236 corporis
1450 2139 1658 2214 sanitatem.
1685 2139 1753 2209 l'er

476 2266 691 2340 Dominum.
723 2267 799 2339 Hic
826 2267 952 2362 incipit
979 2291 1110 2338 neonus
1137 2267 1366 2361 titillantia...
1389 2295 1406 2336 »

617 2530 645 2570 2.
666 2512 740 2568 fide:
760 2529 838 2567 corr.
858 2529 898 2568 ex
917 2511 1014 2567 fidem.
1039 2543 1071 2552 -
1090 2530 1119 2580 4.
1140 2515 1237 2568 Deus:
1258 2515 1348 2578 Deus,
1368 2514 1417 2582 qui
1442 2531 1483 2569 es.
1503 2515 1539 2570 T.
1560 2544 1593 2555 -
1613 2529 1640 2579 7.
1660 2523 1704 2568 te:
1724 2521 1752 2568 te

547 2611 633 2649 nunc.
658 2595 696 2649 T.
717 2625 751 2634 -
770 2597 797 2649 8.
824 2595 860 2648 Et
886 2594 1047 2647 sanctifica:
1074 2603 1103 2647 et
1128 2594 1301 2648 sanctificata
1319 2597 1356 2650 Τ.
1376 2626 1410 2634 -
1432 2613 1474 2649 ro.
1502 2597 1553 2649 Et:
1578 2612 1635 2650 om.
1656 2596 1692 2649 T.
1719 2625 1753 2634 -

548 2691 590 2730 11.
611 2675 715 2738 foveat,
735 2675 772 2728 ad
786 2683 967 2742 tactumquet
988 2682 1111 2740 vegetet,
1132 2691 1207 2742 quae
1226 2685 1302 2729 recta
1315 2675 1420 2740 foveat,
1435 2675 1569 2730 calefactu
1583 2675 1750 2740 restinguat,

543 2755 721 2826 udtactisque
740 2758 775 2811 T.

517 2992 546 3050 3.
573 2973 654 3054 lpsa,
678 2985 710 3036 et
726 2973 827 3048 unica,
846 2974 983 3037 occurrit
999 2973 1031 3036 in
1047 2975 1116 3037 cod.
1136 2975 1247 3036 Ambr.
1265 2995 1336 3037 saec
1351 2974 1409 3047 XI,
1434 2975 1515 3057 sign.
1549 2977 1582 3038 T.
1608 2982 1655 3054 96,
1681 2983 1750 3059 sup.

473 3071 524 3134 sol.
551 3093 624 3151 244,
649 3073 704 3134 ubi
725 3073 863 3136 officium
885 3075 1053 3136 Extremae
1077 3072 1244 3144 unctionis,
1269 3073 1394 3139 subtit.
1415 3074 1564 3155 «Incipit
1587 3077 1752 3138 benedictio

474 3195 491 3226 «
507 3173 570 3232 olei
584 3178 680 3251 super
694 3181 867 3251 aegrotum.
882 3173 979 3245 DeuS,
994 3171 1048 3253 qui
1065 3193 1099 3232 es
1115 3172 1245 3234 humani
1263 3173 1429 3252 generis.»
1445 3207 1489 3220 —
1503 3173 1538 3234 ln
1555 3172 1639 3235 calce
1657 3174 1750 3254 signo

470 3269 498 3329 T
522 3269 639 3332 notabo
662 3269 803 3332 diversas
826 3271 976 3333 lectiones
1000 3271 1096 3332 huius
1118 3270 1331 3351 antiquissimi
1355 3271 1483 3334 codicis
