4078 6126
433 465 445 517 I
466 464 587 526 ORDO,
610 463 661 519 EX
680 462 828 516 CODICE
849 462 1194 519 METROPOLITANO
1214 443 1323 514 SAEC.
1345 460 1398 514 ΧΙ.
1505 475 1555 526 ¹19

279 731 395 786 terrae
414 728 453 786 et
477 712 716 809 plenitudinis
734 713 825 785 eius.
849 711 1063 784 Benedictio
1092 708 1197 794 illius,
1228 708 1291 806 qui
1320 709 1490 806 apparuit
1518 711 1553 782 in

279 841 380 924 rubo,
401 839 526 914 veniat
548 863 660 934 super
677 855 789 934 caput
816 837 895 911 eius
916 836 975 923 ill,
998 853 1035 912 et
1053 836 1164 934 plena
1183 836 1231 908 sit
1248 835 1458 909 benedictio
1479 837 1555 910 Do-

280 967 365 1038 mini
386 966 422 1038 in
443 965 525 1038 filiis
547 965 638 1050 eiuS,
664 980 701 1038 et
729 965 849 1062 tingat
870 964 905 1037 in
929 963 1013 1037 oleo
1036 963 1170 1060 pedem
1200 988 1325 1035 suum:
1355 987 1494 1035 cornua
1513 964 1555 1035 ri-

280 1092 486 1166 nocerontis
514 1117 651 1165 cornua
680 1089 785 1176 illius,
809 1092 844 1163 in
872 1091 960 1188 ipsis
978 1088 1174 1163 ventilabis
1196 1104 1330 1186 gentes
1359 1115 1479 1185 usque
1507 1089 1554 1162 ad

279 1217 452 1292 terminos
480 1233 614 1291 terrae:
636 1231 674 1290 et
692 1241 866 1290 ascensor
892 1215 982 1290 caeli
1011 1215 1205 1290 auxiliator
1233 1240 1323 1287 suus
1353 1215 1387 1287 in
1418 1216 1553 1312 sempi·
1584 1239 1599 1288 5

279 1360 421 1416 ternum
450 1343 524 1418 fiat.

389 1491 445 1561 13·
471 1471 525 1542 El
540 1471 638 1542 dt'col
654 1469 769 1542 omna
779 1467 940 1564 populus
969 1468 1085 1540 lribus
1112 1467 1246 1540 vet-ibus
1263 1493 1344 1540 cum
1365 1469 1556 1565 episcopis:

280 1596 387 1669 Vivru
416 1597 498 1669 Rex
526 1595 572 1669 ill.
605 1596 640 1667 in
670 1593 950 1689 sempiternum.
981 1593 1116 1668 Amen.

392 1745 448 1812 14.
477 1721 577 1792 Tunc
604 1719 881 1815 confirmabitur
899 1745 978 1792 cum
999 1719 1238 1803 benedictione,
1266 1729 1301 1792 el
1316 1747 1435 1794 omnes
1452 1724 1557 1818 prm-

277 1847 368 1942 cr'pes
387 1845 522 1944 populi
546 1845 600 1917 ad
622 1843 856 1918 osculandum
884 1869 1007 1939 regem
1035 1845 1212 1919 accedant.
1587 1863 1620 1900 10

848 1971 989 2045 Oralcb.

391 2117 448 2190 15.
480 2098 597 2182 DeuS,
628 2095 884 2193 perpetuitatis
912 2113 1049 2182 auctor,
1071 2096 1146 2169 dux
1168 2098 1342 2172 virtutum
1371 2101 1553 2184 omnium,

277 2241 490 2297 cunctorum
518 2221 680 2295 hostium
709 2221 834 2307 victor,
855 2221 1012 2295 benedic
1040 2221 1137 2296 hunc
1166 2222 1344 2297 samolum
1373 2242 1477 2298 tuum
1506 2224 1554 2298 ill.

278 2350 341 2423 tibi
360 2375 468 2422 suum
487 2363 598 2444 caput
617 2347 812 2421 inclinans:
833 2347 982 2422 effunde
998 2374 1209 2445 supereum
1223 2351 1381 2447 gratiam
1400 2351 1553 2436 firmam,

278 2492 315 2548 et
342 2474 483 2571 prolixa
511 2473 669 2548 sanitate
697 2499 782 2547 eum
818 2489 856 2547 et
890 2498 1070 2571 prospera
1097 2474 1269 2549 felicitate
1298 2501 1487 2563 conserva,
1518 2494 1556 2551 et
1587 2503 1619 2553 15

276 2602 498 2698 ubicumque
526 2599 584 2673 vel
613 2625 680 2696 pro
709 2600 845 2698 quibus
873 2599 1049 2673 auxilium
1078 2617 1182 2674 tuum
1212 2602 1451 2688 invocaverit,
1482 2603 1556 2676 cito

276 2727 376 2800 adsis
403 2743 442 2801 et
469 2743 647 2823 protegas
676 2741 713 2799 et
741 2725 935 2799 delendas.
968 2725 1038 2799 Per
1067 2726 1284 2802 Dominum.

389 2857 446 2924 16.
472 2852 670 2926 Rectitudo
690 2851 789 2949 regis
808 2866 866 2923 est
894 2851 1037 2924 noviter
1054 2852 1213 2927 ordinati
1233 2870 1271 2927 et
1290 2855 1325 2927 in
1347 2853 1480 2929 solium
1499 2882 1558 2928 su-

277 2976 415 3050 blimati
447 2977 539 3050 haec
571 2977 641 3051 tria
672 2991 871 3074 praecepta
902 2973 1042 3073 populo
1078 2977 1277 3054 christiano
1310 2981 1375 3055 tibi
1409 2981 1558 3056 subdito

283 3103 509 3200 praecipere:
1588 3135 1622 3172 20

439 3253 462 3302 1.
495 3230 536 3302 ln
558 3229 684 3326 primis
713 3246 753 3303 ut
781 3231 947 3305 Ecclesia
980 3233 1050 3306 Dei
1071 3247 1110 3306 et
1129 3233 1251 3312 omnis
1280 3233 1442 3330 populus
1468 3234 1559 3308 chri-

280 3357 420 3430 stianus
448 3382 572 3430 veram
600 3382 729 3452 pacem
759 3376 881 3433 servet
910 3359 945 3432 in
975 3359 1075 3432 omni
1105 3375 1283 3456 tempore.

440 3506 477 3556 11.
508 3482 620 3555 Aliud
640 3501 707 3570 est,
729 3500 771 3558 ut
798 3487 1017 3582 rapacitates
1036 3501 1074 3559 et
1092 3511 1223 3560 omnes
1252 3487 1464 3584 iniquitates
1483 3514 1561 3562 orn·

283 3611 389 3682 nibus
416 3608 595 3705 gradibus
623 3609 824 3683 interdicat.

402 3709 406 3722 ,
439 3759 491 3808 111.
521 3735 688 3807 Tertium
717 3752 784 3822 est,
816 3737 920 3810 utin
955 3739 1128 3812 omnibus
1157 3738 1298 3813 iudiciis
1333 3741 1559 3839 aequitatem
1590 3772 1622 3821 25

283 3877 321 3933 et
347 3860 631 3934 misericordiam
661 3862 870 3958 praecipiat,
901 3880 942 3936 ut
971 3863 1077 3936 nobis
1097 3864 1288 3963 indulgeat
1316 3892 1419 3940 suam
1450 3868 1562 3940 mise·

284 3987 473 4061 ricordiam
501 3986 664 4062 clemens
692 4003 731 4060 et
759 3989 965 4062 misericors
995 3990 1113 4063 Deus,

426 4307 450 4344 1.
472 4289 637 4344 Benedictio
663 4288 753 4342 illius:
774 4306 852 4343 corr.
873 4307 913 4344 ex
932 4291 1142 4350 benedictione,
1164 4309 1238 4346 cirin.
1259 4293 1320 4347 edd.
1345 4324 1374 4332 -
1399 4297 1440 4347 18.
1468 4292 1561 4346 Recti-

355 4369 471 4425 tudo....
493 4369 653 4424 misericors
673 4372 768 4424 Deus:
789 4375 899 4424 exorat
915 4371 1009 4426 literis
1028 4371 1195 4427 minoribus.

333 4661 381 4718 13.
408 4642 499 4702 Mart.
526 4640 604 4701 Ord.
631 4640 654 4710 I,
679 4641 719 4712 V,
746 4640 849 4702 Leosr.
878 4642 965 4703 ntiss.
995 4664 1069 4708 221.

334 4760 381 4817 14.
408 4740 499 4800 Mart.
526 4738 603 4800 Ord.
628 4738 653 4810 Ἰ,
679 4739 718 4810 V,
745 4739 847 4801 Leosr.
874 4740 960 4801 Miss.
989 4761 1061 4818 231.

334 4857 382 4914 15.
408 4838 500 4898 Mart.
521 4836 600 4898 Ord.
627 4837 650 4909 l,
675 4839 714 4908 V,
742 4838 843 4899 Leosr.
870 4839 958 4901 Miss
987 4860 1059 4917 231.

335 4941 382 4998 16.
409 4937 501 4997 Mart.
527 4935 605 4998 Ord.
632 4936 655 5008 I,
680 4937 719 5008 V,
747 4936 849 4998 Leosr.
876 4938 962 5000 Miss
990 4958 1063 5018 ²32·
