4078 6126
462 530 511 581 118
714 521 918 576 APPENDIX
937 521 994 574 Ab
1016 518 1283 573 PONTlFlCALE
1303 517 1412 570 SAEC.
1437 515 1488 569 lx.

566 771 622 843 Tu
652 770 732 843 eius
751 784 914 842 mentem
932 767 1071 863 dignus
1097 764 1256 847 illabere,
1278 777 1319 834 ut
1347 786 1473 836 amore
1501 778 1538 836 te
1558 761 1685 835 timeat
1703 777 1741 834 et

461 899 591 971 timore
620 895 761 993 diligat.
792 895 927 968 Amen.

568 1024 625 1096 Tu
655 1024 688 1096 ei
717 1022 836 1096 honor
859 1021 919 1105 sis,
942 1037 980 1093 tu
1000 1018 1190 1116 gaudium,
1212 1034 1251 1090 tu
1271 1015 1452 1101 voluntas
1475 1031 1513 1089 tu
1538 1016 1574 1088 in
1598 1041 1740 1090 merore

462 1150 643 1234 solatium,
676 1149 711 1222 in
740 1148 983 1245 ambiguitate
1011 1143 1215 1228 consilium,
1237 1143 1273 1216 in
1302 1143 1431 1216 itinere
1452 1141 1680 1217 consolator:
1701 1158 1739 1215 tu

416 1308 431 1357 s
462 1277 497 1348 in
526 1275 665 1349 iniuriis
693 1274 876 1358 defensor,
900 1273 935 1345 in
965 1270 1202 1346 tribulatione
1221 1268 1409 1366 patientia,
1441 1269 1477 1341 in
1507 1267 1740 1365 aegritudine

462 1402 653 1475 medicina.
685 1399 820 1472 Amen.

563 1529 610 1599 ‘ln
640 1543 677 1600 te
705 1525 842 1599 habeat
869 1548 980 1597 omne
1007 1521 1219 1602 consilium;
1250 1545 1315 1615 per
1343 1535 1379 1593 te
1408 1535 1472 1593 tua
1497 1520 1632 1605 discat;
1655 1547 1677 1594 a
1705 1536 1741 1594 te

460 1652 695 1727 commissam
723 1649 941 1747 sapientiam
963 1647 1067 1746 regni
1087 1644 1340 1744 gubernacula
1369 1644 1551 1718 moderari
1574 1643 1672 1745 (sr'c);
1702 1662 1743 1718 ut

461 1803 608 1873 semper
627 1775 712 1850 felix
731 1800 953 1873 semperque
972 1799 994 1848 a
1013 1790 1050 1846 tc
1069 1772 1250 1869 gaudena,
1271 1770 1318 1842 de
1339 1770 1412 1843 tuis
1432 1786 1618 1844 mereatur
1632 1772 1744 1845 bene-

401 1949 433 1985 10
462 1904 552 1977 ficiis
578 1902 764 2001 gratulari,
786 1919 824 1976 et
842 1902 1003 1976 aeternis
1021 1898 1142 1973 valeat
1160 1897 1388 1971 commerciis
1410 1896 1584 1994 copulari.
1606 1898 1740 1974 Amen.

570 2031 619 2103 Et
636 2055 748 2126 quem
768 2046 806 2104 tu
828 2029 936 2102 nobis
955 2025 1066 2100 hodie
1081 2044 1144 2099 tua
1159 2023 1409 2097 misericordia
1428 2024 1626 2098 iocundum
1642 2052 1743 2122 prae-

462 2173 608 2231 sentare
636 2157 813 2254 dignatus
832 2180 883 2240 ες,
906 2155 969 2229 tua
998 2152 1109 2227 la'cias
1128 2149 1326 2224 multorum
1356 2174 1538 2224 annorum
1557 2152 1743 2224 curriculis

462 2282 692 2380 protectione
721 2307 902 2355 securum.
933 2281 1070 2353 Amen.

574 2411 622 2482 Et
638 2409 687 2482 ita
703 2406 863 2504 populus
883 2407 952 2480 iste
967 2405 1121 2503 pullulet
1136 2401 1290 2478 coalitus
1309 2376 1568 2477 benedictione
1587 2407 1746 2479 aeterni·

403 2581 433 2631 15
462 2536 558 2620 tatis,
576 2552 618 2609 ut
632 2559 780 2630 semper
799 2549 975 2607 maneant
992 2532 1235 2629 tripudiantes
1256 2529 1291 2601 in
1312 2553 1403 2625 pace
1421 2529 1590 2604 victores
1608 2531 1742 2606 Amen.

568 2659 684 2756 ¹Quod
714 2661 793 2756 ipse
822 2675 1009 2755 praestare
1038 2657 1218 2755 digneris
1250 2653 1313 2750 qui
1343 2679 1425 2726 cum
1454 2672 1607 2730 aeterno
1638 2659 1744 2732 Patre

464 2789 571 2862 simul
599 2814 682 2861 cum
712 2787 850 2884 Spiritu
881 2802 1009 2860 sancto
1028 2785 1119 2857 vivis
1148 2801 1186 2856 et
1213 2805 1350 2878 regnas
1380 2782 1496 2868 Deus,
1527 2809 1594 2880 per
1621 2786 1746 2859 omnia

465 2912 613 2989 saecula
641 2912 882 2988 saeculorum.
913 2913 1048 2985 Amen.

578 3065 634 3114 11.
671 3039 819 3112 Oratio:
849 3038 1100 3134 Omnipotens
1135 3038 1241 3110 Deus
1276 3039 1340 3113 det
1373 3038 1437 3112 tibi
1465 3037 1514 3110 de
1542 3062 1625 3111 rore
1652 3037 1743 3110 caeli

402 3200 436 3238 20
465 3185 502 3242 et
529 3167 577 3240 de
605 3165 833 3264 pinguedine
857 3180 975 3237 terrae
1002 3163 1267 3237 abundantiam
1299 3163 1470 3238 frumenti
1496 3164 1643 3250 etvini,
1673 3189 1744 3236 ser-

464 3295 641 3390 viantque
670 3291 734 3365 tibi
755 3290 893 3388 populi,
923 3307 961 3364 et
989 3289 1146 3363 adorent
1165 3305 1201 3364 te
1220 3291 1355 3364 tribus:
1380 3306 1461 3363 esto
1481 3289 1654 3362 dominus
1674 3289 1747 3362 sra-

465 3438 561 3494 trum
577 3437 734 3502 tuorum,
752 3434 791 3490 et
811 3417 1046 3490 incurventur
1059 3433 1146 3489 ante
1165 3431 1202 3489 te
1218 3415 1281 3488 filii
1301 3415 1530 3502 matristuae,
1546 3431 1584 3489 et
1602 3415 1665 3511 qui
1685 3416 1747 3488 be·

467 3544 647 3618 nedixerit
665 3543 740 3626 tibi,
762 3542 1082 3616 benedictionibus
1097 3539 1297 3637 repleatur;
1322 3557 1360 3614 et
1383 3541 1489 3612 Deus
1512 3540 1581 3612 erit
1601 3539 1748 3612 adiutor

465 3687 568 3744 tuus:
596 3686 633 3743 et
655 3668 891 3764 omnipotens
919 3667 1116 3742 benedicet
1143 3667 1218 3752 tibi,
1250 3683 1288 3741 et
1315 3663 1398 3768 (sir)
1426 3666 1746 3740 benedictionibus

403 3829 437 3880 25
465 3795 555 3870 caeli
591 3794 753 3892 desuper
789 3796 824 3867 in
861 3794 1049 3867 montibus
1081 3809 1119 3867 et
1154 3793 1190 3866 in
1218 3791 1388 3878 collibus,
1425 3793 1746 3866 benedictionibus

466 3921 588 4018 abyssi
618 3921 770 3995 iacentis
795 3921 980 4004 deorsum,
1011 3918 1333 3992 benedictionibus
1360 3918 1516 3991 uberum
1537 3935 1574 3992 et
1594 3944 1745 3992 uvarum

467 4073 753 4145 pomorumque:
774 4045 1054 4120 benedictiones
1073 4062 1219 4141 patrum
1238 4043 1474 4142 antiquorum
1496 4043 1685 4118 Abraham
1710 4059 1747 4117 et

469 4176 572 4248 lsaac
600 4189 637 4248 et
666 4174 777 4248 lacob
806 4174 1037 4247 coadunatae
1066 4171 1139 4244 sint
1167 4167 1352 4267 superte.
1385 4172 1464 4244 Per.

583 4325 640 4372 12.
670 4300 783 4372 Aleia:
813 4297 984 4382 Benedic,
1018 4296 1192 4381 Domine,
1224 4295 1475 4371 fortitudinem
1496 4296 1680 4393 principis,
1710 4313 1747 4369 et

405 4467 440 4517 30
468 4451 582 4523 opera
606 4450 782 4499 manuum
803 4424 898 4498 illius
921 4423 1077 4519 suscipe,
1109 4439 1146 4496 et
1173 4422 1433 4496 benedictione
1461 4438 1524 4495 tua
1552 4438 1648 4496 terra
1667 4422 1747 4495 eius

468 4553 515 4625 de
545 4551 664 4648 pomis
693 4549 891 4647 repleatur:
922 4550 969 4622 de
999 4548 1115 4623 fructu
1154 4548 1245 4623 caeli
1276 4548 1389 4622 etde
1417 4573 1499 4621 rore
1527 4547 1607 4621 eius
1635 4562 1747 4646 atque

468 4677 592 4773 abyssi
621 4676 854 4758 subiacentis,
885 4676 932 4750 de
963 4675 1079 4748 fructu
1108 4673 1196 4748 solis
1225 4690 1263 4747 et
1290 4675 1417 4759 lunae,
1448 4674 1495 4747 de
1523 4673 1658 4747 vertice
1686 4698 1749 4746 an·

468 4803 654 4900 tiquorum
670 4802 866 4888 montium;
887 4802 934 4876 de
954 4801 1075 4897 pomis
1093 4816 1328 4874 aeternorum
1342 4799 1500 4886 collium,
1517 4799 1565 4874 de
1581 4799 1748 4896 frugibus

519 5059 567 5100 11.
593 5039 685 5099 Mart.
712 5036 790 5098 Ord.
817 5035 840 5096 1.

519 5156 566 5198 12.
593 5137 684 5197 Mart.
711 5134 789 5196 Ord.
817 5134 839 5194 Ι.
