4084 6128
524 530 617 568 xxxiv
1049 513 1275 565 PRAEFATIO

522 761 650 834 mitatu
671 777 756 834 tunc
776 760 903 844 fiebat;
926 761 974 832 ita
989 775 1029 831 ut
1044 784 1089 832 ea
1108 757 1301 830 occasione
1324 756 1532 851 Episcopus
1551 753 1682 850 aliquis
1705 754 1803 827 codi-

521 911 600 958 cem
620 885 676 959 vel
698 904 830 982 sponte
850 887 1007 958 donaret
1024 884 1081 958 vel
1102 910 1148 956 ex
1167 881 1352 955 oblivione
1383 880 1585 976 reliquisse.
1608 879 1800 976 Quidquid

520 1012 577 1096 sit,
609 1028 754 1084 suamet
787 1028 908 1085 aetate
944 1011 1013 1083 hoc
1048 1005 1261 1083 Pontificale
1296 1006 1593 1090 commendatur,
1630 1022 1667 1078 et
1702 1005 1799 1078 idem

519 1137 770 1211 adhibendum
790 1137 911 1210 curavi
932 1162 989 1214 ne.
1007 1151 1049 1208 ut
1067 1136 1259 1231 hucusque
1280 1135 1413 1206 lactum
1435 1149 1501 1216 est,
1519 1130 1678 1227 amplius
1698 1131 1802 1227 igno·

519 1279 619 1335 retur
637 1263 916 1361 antiquissimus
937 1261 994 1332 hic
1013 1260 1141 1344 coderr,
1173 1261 1277 1333 cuius
1298 1259 1454 1332 indicem
1484 1256 1707 1353 analyticum
1730 1272 1800 1329 sta·

519 1389 584 1462 tim
614 1388 777 1462 subiici0.

631 1793 660 1840 1.
692 1767 797 1839 Ordo
826 1766 873 1840 ad
902 1765 1194 1838 benedicendam
1224 1764 1415 1837 ecclesiam
1446 1762 1483 1868 (s.
1530 1762 1551 1867 ).

629 1918 661 1965 2.
699 1891 801 1963 inin
828 1893 866 1962 in
886 1891 1148 1987 purificatione
1171 1892 1208 1962 S.
1240 1891 1392 1962 sllnrine
1421 1887 1457 1993 (l.
1493 1888 1564 1988 29).

624 2020 665 2091 ln
695 2017 763 2090 hoc
793 2017 920 2089 ordine
951 2014 986 2120 (i,
1022 2013 1083 2118 32]
1113 2016 1267 2088 refertur
1303 2015 1493 2089 translatio
1521 2017 1670 2095 archae,
1708 2019 1799 2090 ritus

517 2143 644 2216 similis
665 2141 893 2216 translationi
914 2143 1087 2238 imaginis
1109 2143 1149 2213 ll.
1174 2143 1225 2214 lll.
1250 2143 1306 2221 ll,
1334 2143 1423 2215 lriee
1443 2141 1653 2238 appellatae
1674 2144 1709 2216 in
1732 2145 1801 2216 lte-

516 2270 619 2340 rola‘e
647 2265 765 2370 (meae
799 2267 885 2341 edit.
916 2294 951 2363 p.
984 2263 1047 2370 81)
1077 2284 1114 2339 et
1142 2269 1251 2339 etiam
1287 2286 1598 2341 commemoratae
1635 2271 1670 2341 in
1700 2271 1799 2366 apud

517 2395 707 2477 isabellae,
741 2395 936 2465 illnsaenni
967 2395 1137 2466 ltaliemn
1167 2412 1191 2466 t.
1225 2395 1269 2474 ΙΙ,
1304 2395 1338 2464 in
1369 2395 1573 2466 Ordinibus
1606 2397 1796 2477 Romanis.

517 2518 654 2592 scilicet
694 2519 748 2590 Xl
780 2535 873 2591 auct.
914 2518 1131 2601 Benedict0,
1169 2544 1203 2590 n.
1244 2541 1306 2608 33,
1345 2537 1383 2591 et
1421 2519 1492 2591 Xll
1531 2537 1625 2592 auct.
1659 2519 1797 2594 Cencio

516 2671 595 2742 cap.
627 2645 672 2730 V,
705 2670 739 2717 n.
777 2669 833 2716 12.

625 2794 658 2863 3.
690 2771 795 2843 Ordo
824 2772 859 2842 in
892 2770 1088 2842 Dominica
1117 2769 1322 2866 palmarum
1354 2767 1387 2875 (l.
1421 2767 1492 2874 33).

623 2922 657 2988 4.
689 2897 941 2968 Reconciliateb
961 2897 1219 2990 paenitenitiam
1248 2898 1286 2967 in
1314 2923 1417 2968 coena
1447 2898 1602 2968 Dcnnni
1627 2892 1663 2998 (i.
1697 2893 1770 2998 38).

624 3045 656 3115 5.
689 3023 823 3118 Incipit
857 3022 958 3094 Ordo
977 3023 1015 3093 in
1035 3022 1233 3094 ilr'ecnenee
1253 3025 1409 3095 Denn'ni
1426 3019 1463 3102 li.
1495 3021 1558 3125 49)
1579 3050 1661 3096 cum
1683 3024 1794 3096 Oleo-

515 3174 595 3220 rum
623 3149 899 3222 consecratione
922 3149 1028 3242 juxta
1055 3148 1246 3245 vulgatum
1278 3149 1458 3221 Ordinem
1490 3149 1711 3222 Romanum.

623 3282 657 3348 6.
688 3274 893 3346 Benedictio
920 3275 1019 3368 epicis
1045 3277 1085 3346 in
1111 3276 1256 3346 sabbato
1286 3284 1406 3347 sancto
1435 3275 1471 3376 (l.
1506 3270 1578 3376 73).

623 3420 655 3491 7.
686 3401 745 3470 De
780 3398 981 3471 Ordein'bns
1008 3400 1231 3495 conserendis
1261 3398 1297 3502 (i.
1331 3398 1403 3503 74).

621 3523 832 3597 Nonnullae
870 3524 1079 3597 additiones
1116 3505 1356 3622 marginales,
1392 3553 1502 3598 manu
1540 3527 1657 3600 italica
1696 3555 1790 3602 saec.

515 3649 709 3734 XIV-XV,
741 3649 899 3722 innuunt
928 3649 1024 3722 lnrnc
1053 3650 1227 3734 codicem,
1260 3653 1287 3724 si
1319 3652 1389 3724 iam
1420 3653 1455 3724 in
1485 3652 1639 3725 ecclesia
1669 3631 1822 3727 nostra⁸

513 3801 557 3848 ea
586 3791 808 3870 tempestate
837 3776 1061 3860 servabatur,
1092 3776 1292 3872 aliquando
1322 3778 1435 3851 luisse
1464 3779 1500 3850 in
1530 3806 1598 3851 usn
1623 3779 1792 3878 liturgico

512 3899 559 3972 ab
589 3899 827 3972 Antistitibus
857 3902 990 3974 nostris
1019 3901 1240 3988 adhibitum;
1270 3904 1371 3998 quod
1401 3905 1513 4000 accipi
1544 3921 1678 4000 potest,
1709 3933 1791 3979 cum

513 4026 547 4098 in
577 4024 858 4120 pontificalibus,
890 4027 940 4100 uti
972 4027 1043 4099 iam
1072 4027 1156 4111 dixi,
1188 4028 1465 4124 Archiepiscopi
1498 4031 1669 4106 Romano
1699 4033 1791 4106 Pon-

512 4150 634 4224 tificali
664 4176 812 4247 semper
839 4154 894 4224 usi
924 4155 1008 4226 sint.

619 4281 653 4349 8.
685 4277 926 4349 Exeincnctie
953 4281 991 4350 in
1026 4281 1264 4352 (indicatione
1293 4282 1466 4378 Episcopi
1493 4279 1525 4385 li.
1558 4279 1632 4386 or).

678 4401 872 4474 Ordinatio
902 4403 1076 4500 Episcopi
1098 4403 1136 4507 (f.
1169 4401 1254 4506 95').

619 4552 653 4617 9.
686 4528 821 4623 Incipit
853 4528 954 4600 (ledo
980 4530 1035 4600 ed
1057 4557 1180 4624 regem
1209 4532 1479 4605 beieedieenrlnin
1510 4534 1545 4636 (i.
1586 4559 1629 4607 10
1635 4529 1680 4638 3).

598 4675 653 4725 10.
686 4652 820 4748 Incipit
845 4653 1033 4726 benedictio
1059 4657 1210 4750 reginae
1239 4653 1275 4760 (i.
1313 4654 1409 4760 119).

597 4802 652 4850 11.
690 4777 819 4850 Orate'e
852 4780 996 4874 quande
1032 4781 1228 4853 Abbatisro
1263 4785 1461 4856 ordinetur
1497 4788 1536 4856 in
1575 4791 1789 4862 rrioiieslereii

512 4899 548 5004 (s.
585 4899 683 5004 123.)

598 5051 653 5099 12.
685 5029 755 5122 Ad
777 5029 937 5102 abbatem
966 5031 1237 5104 beneficiendum
1265 5031 1302 5136 (s.
1341 5030 1448 5137 128').
