4078 6126
494 533 544 584 106
747 526 950 580 APPENIHX
971 526 1026 578 AD
1048 523 1315 578 PONTIFICALE
1334 521 1444 576 SAEC.
1467 522 1519 576 IX.

494 773 713 848 Domino...:
727 781 852 868 postea
867 781 988 844 cantat
999 769 1275 844 arcbcdioconus
1288 767 1438 840 indutus
1445 766 1610 862 plccm'ali
1621 754 1665 871 R]
1683 765 1770 838 Om-

492 926 559 974 nes
586 925 690 974 vos...
721 888 757 1003 i
786 899 848 972 Sic
867 924 941 971 una
959 896 1086 970 hora...
1113 897 1167 968 Et
1182 894 1460 968 ebdomadarius
1477 894 1587 965 lector
1603 891 1773 964 ascendat

490 1035 525 1098 ct
551 1026 670 1121 legat:
688 1025 807 1097 Lectio
837 1023 947 1096 Ionae
966 1022 1175 1119 prophetae.
1199 1022 1352 1094 Factum
1372 1036 1430 1092 est
1444 1019 1597 1091 verbum
1618 1018 1772 1092 Domini

492 1177 604 1248 super
629 1153 775 1224 lonam':
798 1151 915 1246 pueri
932 1148 1188 1246 psalmellum:
1216 1145 1415 1243 Vigilate...
1447 1160 1482 1250 )
1512 1146 1714 1243 Surgite....

447 1303 463 1354 5
601 1296 633 1369 5.
655 1275 809 1348 Interim
825 1273 996 1371 pontifex
1022 1274 1061 1344 in
1079 1272 1315 1344 secretarium
1338 1271 1577 1366 ingrediatur
1602 1297 1682 1343 cum
1702 1297 1773 1344 oric·

490 1402 595 1475 nibus
621 1400 863 1474 sacerdotibus
889 1411 923 1472 et
948 1398 1155 1472 diaconibus
1181 1407 1217 1470 et
1237 1397 1521 1481 subdiaconibus,
1551 1408 1586 1471 et
1612 1398 1774 1472 induunt

492 1527 571 1624 (sic)
590 1553 627 1599 se
643 1529 760 1599 sacris
786 1525 940 1598 uestibus
966 1525 1130 1597 sollemni
1145 1550 1253 1596 more.
1275 1523 1401 1595 Finita
1413 1523 1607 1619 praedicta
1629 1525 1772 1596 lectione

490 1661 632 1742 excutit,
653 1651 887 1749 praecedente
912 1650 1125 1723 subdiacono
1152 1650 1219 1745 qui
1242 1650 1401 1721 lecturus
1427 1657 1481 1720 cst
1505 1650 1713 1745 epistolam:
1739 1661 1773 1722 et

490 1803 528 1850 eo
554 1777 767 1858 ascendente,
798 1777 942 1848 accedat
957 1775 1130 1872 pontifex
1156 1774 1211 1847 ad
1238 1775 1378 1856 altaro-
1405 1775 1473 1847 sed
1495 1784 1689 1871 autequam
1719 1779 1772 1849 in-

431 1937 464 1975 ιο
490 1903 609 2000 cipiet,
640 1902 752 1976 vadat
769 1911 855 1998 post
879 1902 1008 1984 altare,
1029 1911 1064 1972 ct
1084 1901 1182 1973 duat
1203 1901 1296 1972 bacco
1313 1901 1508 1972 orationem
1531 1901 1652 1997 plane,
1681 1911 1722 1973 ut
1747 1929 1770 1974 a

490 2028 802 2102 circumstantibus
831 2029 949 2123 possit
979 2027 1129 2100 audiri:
1165 2024 1341 2099 Concede
1377 2025 1493 2112 nobis
1533 2027 1771 2124 omnipotens

493 2155 609 2239 Deus
627 2171 668 2227 ut
682 2155 775 2227 sicut
790 2154 824 2226 in
841 2153 1015 2250 passione
1031 2178 1109 2226 sua.
1132 2153 1235 2225 Tunc
1248 2152 1364 2226 dicat:
1380 2152 1565 2226 Dominus
1580 2154 1769 2228 vobiscum

490 2279 629 2352 excelsa
656 2305 743 2352 voce.
774 2281 827 2352 Et
844 2279 1082 2352 subdiaconus
1098 2279 1199 2373 legat
1215 2277 1399 2374 epistolam
1427 2279 1481 2350 ad
1506 2279 1711 2352 Corinthios
1729 2280 1771 2354 J.-

493 2405 810 2479 Convenientibus
837 2405 943 2478 vobis
973 2405 1008 2476 in
1028 2430 1154 2490 unum,
1177 2405 1248 2476 iam
1270 2420 1422 2477 nonest
1444 2404 1666 2478 dominicam
1686 2431 1771 2480 coe-

431 2562 464 2613 15
493 2555 578 2604 nam
607 2530 840 2604 manducare.
878 2529 1015 2602 Cautus
1040 2530 1199 2602 lectoris:
1227 2527 1435 2626 Tamquam
1464 2530 1512 2604 ad
1536 2529 1767 2606 latronem...

492 2644 527 2759 ‘i'
548 2653 682 2728 Adhuc
700 2681 746 2728 eo
767 2654 993 2751 loquente...
1016 2655 1192 2750 Sequitur
1218 2655 1443 2750 evarcgclium
1462 2655 1656 2728 seccucdum
1685 2657 1771 2729 clla·

492 2780 631 2854 tlceum:
665 2781 785 2853 Prima
803 2780 863 2853 die
882 2780 1092 2853 azimorum.
1113 2779 1237 2852 biirz'to
1263 2781 1456 2876 cucccgelco,
1481 2782 1603 2854 stotc'm
1622 2783 1772 2879 ciuc'piat

491 2907 668 3002 rrcagcstcr
685 2906 866 2978 scolarum
894 2905 1068 2978 intrando
1086 2905 1245 2988 eborum,
1267 2907 1306 2978 in
1320 2933 1439 3002 gyro:
1458 2905 1610 2981 Coenae
1630 2926 1766 2983 tuae...

492 3031 545 3103 Et
571 3057 641 3103 cion
671 3031 837 3104 dicatur:
867 3031 998 3104 Pacem
1027 3029 1171 3116 habete,
1201 3041 1270 3104 arct
1298 3032 1421 3128 Kyrie.
1453 3033 1627 3128 Sequitur
1654 3036 1770 3106 oratio

431 3196 464 3232 20
490 3165 602 3253 super
626 3157 828 3254 syndonem.
857 3156 957 3228 Tunc
974 3155 1184 3228 subdiaconi
1207 3155 1370 3254 offerunt
1388 3168 1523 3253 partem
1550 3160 1709 3231 aeriorum
1737 3171 1771 3232 ct

480 3283 745 3379 fermentatum
765 3309 844 3354 cum
863 3281 1026 3354 oncm'bus
1043 3282 1211 3355 calicibus
1228 3292 1263 3354 ct
1272 3284 1428 3379 patenis
1452 3284 1578 3356 Postea
1598 3285 1772 3381 arclu'cpi-

490 3417 617 3504 scopus
643 3409 794 3504 ciccc'piot
820 3408 1016 3479 oratiomm
1039 3407 1093 3478 ad
1110 3433 1244 3480 ucccuus
1270 3406 1508 3505 offerendum.
1531 3409 1706 3505 Sequitur
1723 3411 1773 3506 cff-

480 3534 703 3628 sertorium:
732 3531 1038 3606 Contumelias...
1069 3533 1244 3628 Sequitur
1270 3535 1387 3606 oratc‘o
1413 3545 1526 3631 super
1551 3535 1717 3610 oblatam.

602 3665 635 3731 6.
660 3659 787 3731 Finita
806 3659 976 3740 oratione,
998 3683 1067 3730 non
1086 3657 1203 3730 dicat:
1232 3659 1417 3732 Dominus
1436 3660 1641 3737 vobiscum.
1673 3661 1774 3735 Tunc

431 3827 463 3876 ²5
491 3783 702 3856 subdiaconi
724 3783 920 3856 ascendant
941 3782 1234 3879 adpraedictam
1253 3783 1436 3879 capellam,
1466 3794 1606 3858 etcum
1634 3811 1771 3882 ucczgua

491 3910 690 3981 reuerentia
705 3908 875 4004 deserant
892 3906 1126 4003 supradictas
1143 3908 1328 4003 ampullas
1336 3940 1349 3990 ,·
1363 3918 1398 3980 ct
1409 3911 1529 3982 riccuor
1543 3908 1679 4008 offerat
1696 3912 1773 3984 dbi-

492 4060 575 4108 cauo
592 4035 793 4131 arccpullam
813 4033 1026 4115 crismatum,
1047 4042 1082 4105 ct
1099 4033 1271 4106 diaconus
1281 4044 1400 4131 porcat
1416 4063 1494 4108 caru
1511 4047 1624 4134 super
1642 4037 1770 4112 altare.

602 4180 635 4251 7.
664 4161 764 4232 Tunc
783 4159 955 4257 pocctifcx
973 4158 1124 4254 incipiat
1143 4161 1434 4232 coccsecratconcm
1457 4163 1679 4258 principalis
1704 4165 1773 4234 cri-

492 4287 629 4369 smatis,
650 4294 686 4358 et
709 4286 808 4360 dicat
832 4285 927 4357 lenta
947 4310 1025 4357 uoce
1048 4285 1311 4358 exorcismum:
1332 4286 1509 4360 Exorcizo
1529 4302 1575 4372 te,
1606 4304 1773 4361 creatura

638 4551 662 4588 1.
684 4532 874 4588 Domino...:
897 4533 926 4586 c'n
945 4533 1004 4586 cod.
1020 4537 1076 4598 par
1098 4535 1262 4586 extensum:
1279 4533 1308 4586 si
1324 4549 1381 4588 oiri.
1406 4534 1453 4587 bic
1470 4539 1499 4589 ct
1517 4536 1601 4604 iufra
1620 4535 1768 4589 breuitatis

560 4615 671 4683 gratia,
692 4613 834 4668 iudicatur
851 4613 944 4667 simili
966 4613 1059 4666 cicada.
1081 4641 1114 4650 -
1136 4629 1178 4667 11.
1199 4613 1333 4668 Concede
1354 4615 1447 4678 nobis
1468 4625 1522 4672 etc.
1545 4617 1574 4670 in
1594 4633 1690 4684 rrearg.
1712 4632 1767 4669 nea.

563 4713 636 4751 saec.
650 4697 682 4748 Χ
688 4695 739 4756 l'l,
752 4711 815 4748 ccuu
832 4697 923 4762 Greg.
939 4693 1082 4746 indicatur
1094 4696 1168 4746 orat.
1178 4713 1188 4746 .·
1201 4713 1217 4744 c
1231 4695 1311 4748 Deus
1324 4713 1341 4748 a
1353 4711 1414 4762 quo
1426 4707 1454 4749 et
1466 4697 1565 4766 Judas,
1581 4701 1613 4750 ut
1624 4697 1654 4750 in
1667 4698 1771 4750 ostatu.

566 4778 661 4830 «Fer.
689 4775 723 4838 V,
739 4794 753 4826 »
768 4775 818 4828 sed
834 4777 915 4829 lectio
934 4775 1011 4827 codd.
1032 4773 1163 4826 conuenit
1179 4775 1257 4828 codd.
1277 4775 1496 4843 oritiqecissimis.
1511 4807 1543 4818 -
1565 4781 1608 4832 28.
1629 4793 1773 4832 cousecra-

565 4858 668 4911 tionem
676 4873 686 4914 ‚·
710 4855 926 4922 corescssc'onem,
953 4856 982 4916 1;
1009 4853 1060 4907 sed
1085 4852 1149 4919 lege
1175 4855 1380 4922 confectionem
1404 4873 1469 4910 cum
1489 4857 1546 4912 alio
1571 4857 1636 4914 cod.
1665 4857 1768 4920 ambr„

564 4939 639 5004 sign.
664 4939 693 4991 C.
714 4951 747 5001 23
765 4935 823 5002 ins.

539 5160 568 5220 7.
594 5140 703 5203 Codex
728 5140 862 5218 Metrop.
880 5149 1002 5202 tantum
1020 5137 1110 5218 ponit
1126 5136 1215 5202 initia
1230 5138 1425 5201 orationum:
1442 5138 1497 5201 sed
1518 5139 1633 5202 sufficit
1651 5151 1685 5202 ut
1701 5160 1773 5202 con·
