4084 6128
514 543 549 592 40
914 525 1180 579 PONTIFICALE
1204 525 1315 578 SAEC.
1344 523 1395 578 IX.

515 773 675 874 eumlos]
707 774 844 870 Spiritu
874 773 1015 847 timoris
1049 771 1212 858 Domini,
1243 785 1281 844 et
1308 768 1511 843 ministerio
1548 768 1675 841 divino
1711 793 1797 842 con·

516 899 650 986 firmes,
682 925 757 996 per.
787 899 824 998 *l

629 1079 831 1152 ORaTlo
862 1079 937 1151 AD
968 1077 1344 1152 ORDINANDUM
1377 1075 1684 1151 DIACONUIII.

628 1264 684 1333 18.
717 1261 769 1332 El
794 1263 881 1356 quio
909 1286 978 1332 non
996 1260 1049 1332 ao'
1072 1260 1312 1332 sacerdotium
1330 1259 1397 1330 secl
1419 1258 1474 1330 ad
1496 1259 1797 1331 rrez’ruslraltonem

472 1419 487 1468 5
515 1395 752 1469 corrsecrotrrr,
782 1386 880 1458 solus
910 1387 1093 1482 epzscopus
1119 1388 1186 1481 qm'
1213 1411 1294 1458 eum
1327 1384 1496 1457 benedicit
1524 1410 1655 1457 manus
1682 1395 1799 1482 portal

514 1521 626 1608 super
652 1521 762 1608 capul
787 1511 898 1595 rllt'us,
928 1511 1048 1584 dicens
1073 1512 1127 1583 orl
1143 1511 1281 1608 plebem
1291 1543 1304 1584 .-

629 1661 685 1726 19.
708 1636 880 1722 OremuS,
903 1635 1139 1723 dilectissimi,
1164 1637 1287 1710 Deum
1309 1638 1453 1712 Patrem
1483 1638 1794 1734 omnipotentem:

662 1914 686 1952 1.
709 1897 843 1952 Domini:
873 1914 929 1951 om.
964 1899 993 1950 C.
1015 1927 1047 1934 -
1067 1903 1109 1949 et:
1130 1903 1159 1948 et
1185 1909 1245 1948 eos,
1267 1896 1299 1948 C.
1322 1925 1355 1932 -
1374 1893 1541 1947 confirmes:
1569 1893 1736 1956 confirmes;
1767 1901 1798 1946 ut

588 1978 756 2032 obedientes
770 1978 853 2041 sacto,
868 1987 955 2045 atque
968 1977 1046 2031 dicto
1058 1985 1201 2043 parentes,
1215 1983 1294 2028 tuam
1308 1973 1428 2040 gratiam
1442 1983 1664 2040 consegnantur.
1681 1975 1743 2027 Per.
1762 1975 1796 2028 C.

589 2091 621 2098 -
643 2076 668 2112 2.
688 2075 754 2126 per:
776 2075 832 2112 mn.
857 2061 966 2126 poster.
989 2073 1062 2111 saec.
1083 2057 1121 2116 X,
1148 2057 1182 2123 (r)
1204 2055 1235 2108 in
1262 2055 1396 2122 margine
1419 2055 1510 2107 addit:
1527 2063 1557 2108 et
1575 2055 1728 2123 episcopus
1749 2053 1799 2109 det

586 2139 612 2194 ei
632 2140 842 2208 manlr'polum).
864 2171 894 2178 -
917 2155 943 2204 5.
972 2140 1169 2192 consecratur:
1188 2137 1263 2189 inter
1280 2153 1298 2188 a
1316 2145 1345 2190 et
1364 2139 1384 2190 t.
1405 2136 1506 2190 abrasa
1526 2153 1554 2190 n.

516 2375 604 2436 Miss.
630 2375 742 2437 Franc.
769 2379 842 2452 663,
869 2374 964 2436 Gerb.
990 2396 1042 2453 40,
1069 2376 1162 2438 Mart.
1189 2375 1268 2437 Ord.
1295 2375 1335 2445 11,
1362 2375 1419 2446 III,
1446 2375 1501 2445 IV,
1526 2375 1566 2446 V,
1591 2375 1647 2436 VI.
1694 2371 1728 2454 *)
1753 2377 1798 2438 Ut

516 2473 619 2535 innuit
654 2472 776 2535 additio
811 2473 994 2552 posterioris
1030 2495 1142 2535 manus
1177 2474 1209 2535 in
1234 2471 1378 2553 margine
1405 2485 1465 2534 «et
1487 2473 1655 2552 episcopus
1682 2473 1737 2534 dat
1768 2473 1796 2536 ei

519 2596 535 2628 ‹
553 2574 753 2652 manipulum
768 2597 785 2628 »
805 2571 934 2633 traditio
951 2571 1210 2634 indumentorum
1235 2571 1311 2633 satis
1328 2571 1511 2633 recentioris
1526 2571 1637 2634 aetatis
1653 2583 1709 2633 est.
1732 2571 1797 2634 Sed

515 2680 641 2750 praesto
664 2681 711 2731 est
740 2669 905 2750 quaestio:
933 2691 991 2732 cur
1019 2671 1217 2750 manipulum
1250 2681 1383 2742 tantum,
1413 2681 1445 2731 et
1472 2690 1536 2732 non
1560 2671 1632 2732 alba
1663 2669 1729 2732 sive
1752 2679 1798 2732 lu·

516 2773 587 2830 nica
609 2768 764 2830 ordinatis
788 2768 995 2831 tradebatur?
1021 2770 1068 2829 Ex
1092 2769 1292 2831 documentis
1307 2789 1386 2830 saec.
1412 2769 1492 2830 XIII
1518 2780 1604 2848 patet
1620 2769 1680 2830 hoc
1701 2769 1797 2830 luisse

516 2866 718 2948 priuilegium
741 2869 996 2938 Ordinan'orum,
1015 2867 1081 2928 sive
1100 2867 1285 2929 clericorum
1311 2867 1404 2946 primi
1429 2878 1500 2946 post
1523 2867 1794 2947 archiepiscopum

515 2964 637 3026 ordinis
671 2965 703 3026 iu
736 2964 877 3026 Ecclesia
907 2965 1157 3028 mediolanensi:
1180 2987 1219 3027 ex
1253 2965 1358 3027 rotulo
1387 2987 1438 3028 an.
1476 2985 1557 3043 1203
1589 2965 1677 3027 testis
1710 2965 1797 3027 Gui-

515 3063 641 3124 lielmus
666 3062 783 3124 Balbus
807 3062 1052 3126 mediolanensis
1067 3063 1217 3126 ecclesiae
1233 3064 1524 3144 Archipresbyster‚
1533 3067 1668 3142 juratus
1690 3065 1797 3125 dr'xil:

520 3161 679 3242 «quando
704 3160 866 3223 Ordinarii
890 3161 1023 3224 veniunt
1045 3162 1086 3224 ad
1110 3163 1265 3224 Ordinem
1283 3162 1539 3224 Subdiaconatus
1562 3162 1611 3223 vel
1642 3161 1797 3224 Diacona·

520 3272 610 3332 «tus,
636 3259 795 3340 recipiunt
817 3260 921 3321 albam
946 3270 977 3322 et
1000 3260 1224 3334 dalmaticam;
1248 3271 1280 3322 et
1302 3261 1432 3341 quando
1463 3259 1622 3340 recipiunt
1650 3259 1795 3322 ordinem

521 3383 537 3415 «
552 3358 792 3437 Presbyteratus
808 3359 896 3420 venit
918 3358 990 3438 (sic)
1013 3380 1085 3420 cum
1110 3358 1280 3421 dalmatica
1297 3371 1328 3420 et
1345 3359 1455 3439 recipit
1471 3359 1651 3438 planetam:
1668 3358 1723 3420 sed
1743 3359 1796 3421 alii

520 3457 653 3520 «clerici
689 3457 785 3519 huius
808 3456 954 3529 civitatis,
980 3470 1105 3537 praeter
1135 3458 1274 3530 abbates
1307 3479 1370 3520 non
1404 3457 1560 3538 reciplunt
1592 3457 1696 3518 albam
1730 3457 1797 3520 sive

519 3556 795 3620 «dalmaticam».
820 3557 913 3618 Hanc
936 3556 1200 3636 praerogativam,
1232 3556 1324 3618 sicuti
1349 3567 1436 3636 patet
1458 3577 1496 3618 ex
1519 3555 1653 3618 testibus
1676 3557 1797 3637 rogatis

515 3676 565 3716 an.
595 3662 677 3732 1289
695 3654 726 3715 in
744 3675 839 3716 causa
858 3654 1096 3734 praecedentiae
1117 3655 1199 3716 inter
1219 3655 1528 3735 archipresbyterum
1545 3654 1794 3717 decumanorum

515 3764 546 3814 et
562 3752 776 3833 praepositum
795 3753 827 3814 S.
847 3753 1018 3826 Ambroiis,
1037 3752 1105 3832 ipse
1121 3753 1319 3834 praepositus
1335 3753 1512 3814 affirmabat
1529 3763 1707 3832 competere
1730 3753 1796 3815 suis

515 3851 676 3914 canonicis
685 3873 693 3924 ;
717 3850 772 3912 sed
797 3851 904 3912 nullus
926 3871 965 3912 ex
992 3851 1126 3914 testibus
1154 3852 1340 3914 affirmative
1369 3851 1533 3932 respondit
1560 3852 1601 3913 ad
1629 3851 1797 3931 quaestio-

516 3971 589 4012 nem
616 3973 686 4012 «....
712 3949 800 4029 quod
824 3949 1024 4030 praepositus
1047 3962 1078 4012 et
1106 3950 1249 4013 canonici
1273 3950 1377 4012 dictae
1395 3949 1546 4013 ecclesiae
1572 3951 1605 4012 S.
1631 3950 1794 4012 Ambrosii

519 4073 536 4106 «
550 4049 679 4131 quando
703 4060 931 4128 promoventur
953 4050 994 4111 ad
1018 4069 1123 4111 sacros
1147 4049 1286 4112 Ordines
1314 4049 1436 4111 vadunt
1463 4047 1603 4110 revestiti
1627 4069 1699 4111 cum
1723 4049 1796 4111 alba

520 4159 581 4209 «et
603 4146 781 4218 dalmatica,
807 4146 889 4208 sicut
917 4147 1036 4209 faciunt
1067 4159 1098 4209 et
1129 4148 1251 4210 vadunt
1282 4147 1445 4210 Ordinarii
1476 4147 1626 4210 ecclesiae
1656 4147 1794 4227 majorIS,

520 4246 636 4326 «quod
658 4245 788 4325 quidem
814 4266 877 4308 nou
903 4245 1021 4308 faciunt
1043 4246 1096 4308 alii
1120 4246 1262 4308 canonici
1286 4245 1488 4309 ecclesiarum
1512 4245 1648 4308 civitatis
1676 4245 1797 4308 Medio

520 4368 536 4400 ‹
549 4343 656 4405 Iani...
671 4369 688 4402 »
716 4345 786 4406 Hac
807 4344 928 4406 ratione
944 4344 1119 4425 explicatur
1137 4344 1340 4425 privilegium
1358 4344 1391 4406 S.
1409 4343 1538 4406 Galdini
1555 4343 1794 4424 archiepiscopi,

515 4465 566 4505 an.
595 4461 678 4522 1170
714 4442 894 4504 Ordinariis
929 4443 1078 4505 ecclesiae
1113 4443 1242 4523 majoris
1274 4445 1395 4516 datum,
1421 4455 1456 4505 ut
1487 4443 1564 4523 ipsis
1591 4442 1667 4504 solis
1705 4463 1797 4504 «ex-

520 4541 648 4622 «ceptis
683 4542 912 4603 monachorum
935 4541 1247 4622 congregationibus,
1272 4542 1305 4604 in
1336 4542 1464 4604 civitate
1494 4562 1567 4603 cum
1598 4541 1733 4603 diacono
1764 4552 1797 4603 et

520 4639 745 4702 «subdiacono
769 4639 896 4701 missam
912 4640 1071 4702 celebrare
1087 4639 1223 4702 liceret»
1247 4641 1334 4721 quod
1350 4639 1488 4720 sequiori
1505 4651 1608 4702 aetate
1622 4639 1795 4713 obsolevit;

516 4738 572 4800 sed
596 4739 636 4800 de
661 4737 711 4800 his
735 4739 796 4799 iam
822 4737 922 4800 fusius
947 4738 978 4800 in
1004 4739 1148 4808 Beroldo,
1175 4738 1194 4800 f.
1224 4745 1284 4818 176
1308 4752 1340 4800 et
1362 4760 1427 4819 seq.
1452 4738 1593 4801 tractavi.

566 4844 613 4898 18.
640 4835 718 4898 Ord.
738 4837 830 4898 Rom.
854 4856 924 4908 roo,
944 4836 1013 4898 Gel.
1033 4843 1097 4899 620
1113 4839 1215 4916 (144),
1236 4839 1320 4900 Men.
1342 4857 1415 4916 223,
1434 4839 1517 4899 Mur.
1536 4857 1609 4916 423,
1627 4836 1723 4899 Gerb.
1742 4856 1794 4915 40,

517 4937 611 4998 Mart.
637 4934 715 4996 Ord.
742 4935 782 5004 II,
809 4935 866 5006 III,
893 4935 947 5006 IV,
973 4935 1028 4997 VI.

565 5054 614 5111 19.
635 5033 713 5094 Ord.
733 5033 826 5094 Rom.
849 5054 918 5105 101,
940 5035 1036 5096 Leon.
1055 5053 1129 5113 423,
1147 5033 1217 5095 Gel.
1237 5055 1298 5114 515
1317 5037 1397 5113 (26),
1420 5035 1504 5096 Men.
1525 5053 1597 5111 223·
1617 5035 1700 5095 Mur.
1719 5055 1793 5112 409,

518 5151 591 5210 424,
622 5129 709 5192 Miss,
742 5131 851 5192 Franc.
884 5137 956 5210 664,
987 5132 1083 5194 Gerb.
1113 5153 1165 5210 40,
1193 5134 1286 5194 Illart.
1317 5133 1396 5195 Ord.
1428 5133 1468 5204 II,
1499 5133 1555 5203 III,
1587 5133 1641 5202 IV,
1672 5132 1711 5202 V,
1737 5132 1793 5194 VI.
