<?xml version="1.0" encoding="UTF-8"?>
<!DOCTYPE html PUBLIC "-//W3C//DTD XHTML 1.0 Transitional//EN"
    "http://www.w3.org/TR/xhtml1/DTD/xhtml1-transitional.dtd">
<html xmlns="http://www.w3.org/1999/xhtml" xml:lang="en" lang="en">
 <head>
  <title>
</title>
<meta http-equiv="Content-Type" content="text/html;charset=utf-8" />
  <meta name='ocr-system' content='tesseract 3.04.00' />
  <meta name='ocr-capabilities' content='ocr_page ocr_carea ocr_par ocr_line ocrx_word'/>
</head>
<body>
  <div class='ocr_page' id='page_1' title='image "./pontificaleinus00churgoog_0035.png"; bbox 0 0 4084 6128; ppageno 0'>
   <div class='ocr_carea' id='block_1_1' title="bbox 1040 527 1267 580">
    <p class='ocr_par' dir='ltr' id='par_1_1' title="bbox 1040 527 1267 580">
     <span class='ocr_line' id='line_1_1' title="bbox 1040 527 1267 580; baseline -0.013 0"><span class='ocrx_word' id='word_1_1' title='bbox 1040 527 1267 580; x_wconf 82' lang='lat' dir='ltr'>PRAEFATIO</span> 
     </span>
    </p>
   </div>
   <div class='ocr_carea' id='block_1_2' title="bbox 511 769 1793 3006">
    <p class='ocr_par' dir='ltr' id='par_1_2' title="bbox 512 769 1791 1124">
     <span class='ocr_line' id='line_1_2' title="bbox 618 769 1791 873; baseline 0.001 -33"><span class='ocrx_word' id='word_1_2' title='bbox 618 775 652 844; x_wconf 79' lang='lat'><strong>8.</strong></span> <span class='ocrx_word' id='word_1_3' title='bbox 685 771 722 868; x_wconf 79' lang='lat' dir='ltr'><strong>(f.</strong></span> <span class='ocrx_word' id='word_1_4' title='bbox 749 769 822 873; x_wconf 83' lang='lat'>24).</span> <span class='ocrx_word' id='word_1_5' title='bbox 851 771 1096 844; x_wconf 77' lang='lat' dir='ltr'><em>«Benedictio</em></span> <span class='ocrx_word' id='word_1_6' title='bbox 1114 774 1386 847; x_wconf 72' lang='lat' dir='ltr'><strong>liittearnzincm:</strong></span> <span class='ocrx_word' id='word_1_7' title='bbox 1408 773 1570 846; x_wconf 87' lang='lat' dir='ltr'>Domine</span> <span class='ocrx_word' id='word_1_8' title='bbox 1592 772 1698 844; x_wconf 86' lang='lat' dir='ltr'><strong>Deus</strong></span> <span class='ocrx_word' id='word_1_9' title='bbox 1716 796 1791 842; x_wconf 92' lang='lat' dir='ltr'><strong>om·</strong></span> 
     </span>
     <span class='ocr_line' id='line_1_3' title="bbox 517 897 1791 1000; baseline 0 -32"><span class='ocrx_word' id='word_1_10' title='bbox 517 897 738 992; x_wconf 67' lang='lat' dir='ltr'><strong>unipotens</strong></span> <span class='ocrx_word' id='word_1_11' title='bbox 761 898 854 970; x_wconf 91' lang='lat' dir='ltr'><strong>sicut</strong></span> <span class='ocrx_word' id='word_1_12' title='bbox 874 897 922 971; x_wconf 87' lang='lat' dir='ltr'><strong>ab</strong></span> <span class='ocrx_word' id='word_1_13' title='bbox 943 897 1056 982; x_wconf 87' lang='lat' dir='ltr'><strong>initio,</strong></span> <span class='ocrx_word' id='word_1_14' title='bbox 1088 917 1169 984; x_wconf 62' lang='lat' dir='ltr'><strong>etc„</strong></span> <span class='ocrx_word' id='word_1_15' title='bbox 1193 929 1209 970; x_wconf 83' lang='lat'><strong>»</strong></span> <span class='ocrx_word' id='word_1_16' title='bbox 1235 897 1293 1000; x_wconf 83' lang='lat' dir='ltr'><strong>(ul</strong></span> <span class='ocrx_word' id='word_1_17' title='bbox 1319 901 1357 972; x_wconf 82' lang='lat' dir='ltr'><strong>r&#39;n</strong></span> <span class='ocrx_word' id='word_1_18' title='bbox 1381 901 1427 984; x_wconf 90' lang='lat' dir='ltr'><strong>A,</strong></span> <span class='ocrx_word' id='word_1_19' title='bbox 1450 925 1561 995; x_wconf 79' lang='lat' dir='ltr'><strong>nsque</strong></span> <span class='ocrx_word' id='word_1_20' title='bbox 1587 898 1641 971; x_wconf 82' lang='lat' dir='ltr'><strong>ud</strong></span> <span class='ocrx_word' id='word_1_21' title='bbox 1665 897 1791 969; x_wconf 78' lang='lat' dir='ltr'><strong>verbu:</strong></span> 
     </span>
     <span class='ocr_line' id='line_1_4' title="bbox 512 1022 945 1124; baseline 0.007 -31"><span class='ocrx_word' id='word_1_22' title='bbox 512 1024 546 1094; x_wconf 94' lang='lat' dir='ltr'><strong>in</strong></span> <span class='ocrx_word' id='word_1_23' title='bbox 576 1049 684 1095; x_wconf 87' lang='lat' dir='ltr'><strong>usum</strong></span> <span class='ocrx_word' id='word_1_24' title='bbox 713 1022 837 1096; x_wconf 90' lang='lat' dir='ltr'><strong>altaris</strong></span> <span class='ocrx_word' id='word_1_25' title='bbox 867 1025 945 1124; x_wconf 82' lang='lat' dir='ltr'><strong>tui).</strong></span> 
     </span>
    </p>

    <p class='ocr_par' dir='ltr' id='par_1_3' title="bbox 511 1145 1791 1629">
     <span class='ocr_line' id='line_1_5' title="bbox 619 1145 1791 1251; baseline 0.002 -32"><span class='ocrx_word' id='word_1_26' title='bbox 619 1173 653 1237; x_wconf 84' lang='lat'><strong>9.</strong></span> <span class='ocrx_word' id='word_1_27' title='bbox 682 1145 721 1249; x_wconf 80' lang='lat' dir='ltr'><strong>(i.</strong></span> <span class='ocrx_word' id='word_1_28' title='bbox 757 1145 839 1251; x_wconf 82' lang='lat'>24&#39;).</span> <span class='ocrx_word' id='word_1_29' title='bbox 872 1150 1114 1224; x_wconf 77' lang='lat' dir='ltr'><strong>«Benediclrb</strong></span> <span class='ocrx_word' id='word_1_30' title='bbox 1142 1154 1361 1248; x_wconf 65' lang='lat' dir='ltr'><strong>corporalis:</strong></span> <span class='ocrx_word' id='word_1_31' title='bbox 1382 1153 1633 1247; x_wconf 87' lang='lat' dir='ltr'><strong>Omnipotens</strong></span> <span class='ocrx_word' id='word_1_32' title='bbox 1659 1150 1791 1246; x_wconf 88' lang='lat' dir='ltr'><strong>sempi-</strong></span> 
     </span>
     <span class='ocr_line' id='line_1_6' title="bbox 517 1274 1791 1374; baseline 0.001 -29"><span class='ocrx_word' id='word_1_33' title='bbox 517 1291 658 1347; x_wconf 78' lang='lat' dir='ltr'><strong>«terne</strong></span> <span class='ocrx_word' id='word_1_34' title='bbox 690 1275 806 1360; x_wconf 87' lang='lat' dir='ltr'><strong>Deus,</strong></span> <span class='ocrx_word' id='word_1_35' title='bbox 832 1276 988 1349; x_wconf 85' lang='lat' dir='ltr'><strong>benedic</strong></span> <span class='ocrx_word' id='word_1_36' title='bbox 1012 1276 1212 1352; x_wconf 87' lang='lat' dir='ltr'><strong>linteamen</strong></span> <span class='ocrx_word' id='word_1_37' title='bbox 1243 1278 1339 1351; x_wconf 84' lang='lat' dir='ltr'><strong>istud</strong></span> <span class='ocrx_word' id='word_1_38' title='bbox 1368 1279 1415 1351; x_wconf 92' lang='lat' dir='ltr'><strong>ad</strong></span> <span class='ocrx_word' id='word_1_39' title='bbox 1444 1278 1648 1374; x_wconf 84' lang='lat' dir='ltr'><strong>tegendum</strong></span> <span class='ocrx_word' id='word_1_40' title='bbox 1679 1274 1791 1348; x_wconf 80' lang='lat' dir='ltr'><strong>invol-</strong></span> 
     </span>
     <span class='ocr_line' id='line_1_7' title="bbox 517 1400 1791 1504; baseline 0.002 -34"><span class='ocrx_word' id='word_1_41' title='bbox 517 1400 803 1499; x_wconf 83' lang='lat' dir='ltr'><strong>«vendumque,</strong></span> <span class='ocrx_word' id='word_1_42' title='bbox 829 1418 896 1476; x_wconf 90' lang='lat' dir='ltr'><strong>etc.</strong></span> <span class='ocrx_word' id='word_1_43' title='bbox 919 1431 937 1471; x_wconf 86' lang='lat'><strong>»</strong></span> <span class='ocrx_word' id='word_1_44' title='bbox 963 1401 1016 1504; x_wconf 92' lang='lat' dir='ltr'><strong>(in</strong></span> <span class='ocrx_word' id='word_1_45' title='bbox 1037 1405 1076 1475; x_wconf 77' lang='lat' dir='ltr'><em>A</em></span> <span class='ocrx_word' id='word_1_46' title='bbox 1096 1403 1187 1476; x_wconf 87' lang='lat' dir='ltr'><strong>haec</strong></span> <span class='ocrx_word' id='word_1_47' title='bbox 1206 1404 1415 1477; x_wconf 85' lang='lat' dir='ltr'><strong>benedictio</strong></span> <span class='ocrx_word' id='word_1_48' title='bbox 1444 1421 1502 1476; x_wconf 89' lang='lat' dir='ltr'><strong>est</strong></span> <span class='ocrx_word' id='word_1_49' title='bbox 1525 1401 1687 1475; x_wconf 88' lang='lat' dir='ltr'><strong>secunda</strong></span> <span class='ocrx_word' id='word_1_50' title='bbox 1707 1426 1791 1497; x_wconf 87' lang='lat' dir='ltr'><strong>pars</strong></span> 
     </span>
     <span class='ocr_line' id='line_1_8' title="bbox 511 1525 998 1629; baseline 0.008 -32"><span class='ocrx_word' id='word_1_51' title='bbox 511 1526 687 1599; x_wconf 88' lang='lat' dir='ltr'><strong>orationis</strong></span> <span class='ocrx_word' id='word_1_52' title='bbox 716 1525 998 1629; x_wconf 87' lang='lat' dir='ltr'><strong>praecedentis).</strong></span> 
     </span>
    </p>

    <p class='ocr_par' dir='ltr' id='par_1_4' title="bbox 627 1649 1461 1752">
     <span class='ocr_line' id='line_1_9' title="bbox 627 1649 1461 1752; baseline 0.002 -28"><span class='ocrx_word' id='word_1_53' title='bbox 627 1676 682 1724; x_wconf 92' lang='lat'><strong>10.</strong></span> <span class='ocrx_word' id='word_1_54' title='bbox 707 1649 746 1752; x_wconf 81' lang='lat' dir='ltr'><strong>(s.</strong></span> <span class='ocrx_word' id='word_1_55' title='bbox 781 1654 855 1743; x_wconf 86' lang='lat'><strong>25).</strong></span> <span class='ocrx_word' id='word_1_56' title='bbox 887 1654 957 1724; x_wconf 76' lang='lat' dir='ltr'><strong>Ad</strong></span> <span class='ocrx_word' id='word_1_57' title='bbox 974 1663 1147 1749; x_wconf 77' lang='lat' dir='ltr'><strong>patenam</strong></span> <span class='ocrx_word' id='word_1_58' title='bbox 1175 1655 1461 1727; x_wconf 80' lang='lat' dir='ltr'><strong>consecrandam.</strong></span> 
     </span>
    </p>

    <p class='ocr_par' dir='ltr' id='par_1_5' title="bbox 517 1777 1793 2379">
     <span class='ocr_line' id='line_1_10' title="bbox 624 1777 1793 1876; baseline 0.003 -28"><span class='ocrx_word' id='word_1_59' title='bbox 624 1778 836 1860; x_wconf 75' lang='lat' dir='ltr'><strong>«Oremus</strong></span> <span class='ocrx_word' id='word_1_60' title='bbox 868 1777 997 1852; x_wconf 87' lang='lat' dir='ltr'><strong>fratres</strong></span> <span class='ocrx_word' id='word_1_61' title='bbox 1026 1779 1218 1864; x_wconf 85' lang='lat' dir='ltr'><strong>karissimi,</strong></span> <span class='ocrx_word' id='word_1_62' title='bbox 1249 1797 1290 1853; x_wconf 92' lang='lat' dir='ltr'><strong>ut</strong></span> <span class='ocrx_word' id='word_1_63' title='bbox 1325 1781 1470 1854; x_wconf 89' lang='lat' dir='ltr'><strong>divinae</strong></span> <span class='ocrx_word' id='word_1_64' title='bbox 1506 1780 1647 1876; x_wconf 83' lang='lat' dir='ltr'><strong>gratiae</strong></span> <span class='ocrx_word' id='word_1_65' title='bbox 1682 1779 1793 1852; x_wconf 90' lang='lat' dir='ltr'><strong>bene·</strong></span> 
     </span>
     <span class='ocr_line' id='line_1_11' title="bbox 518 1903 1793 2002; baseline 0.001 -28"><span class='ocrx_word' id='word_1_66' title='bbox 518 1937 534 1974; x_wconf 59' lang='lat' dir='ltr'><strong>a&lt;</strong></span> <span class='ocrx_word' id='word_1_67' title='bbox 554 1905 664 1978; x_wconf 91' lang='lat' dir='ltr'><strong>dictio</strong></span> <span class='ocrx_word' id='word_1_68' title='bbox 684 1921 872 1977; x_wconf 89' lang='lat' dir='ltr'><strong>consecret</strong></span> <span class='ocrx_word' id='word_1_69' title='bbox 886 1905 910 1998; x_wconf 78' lang='lat'>†</span> <span class='ocrx_word' id='word_1_70' title='bbox 925 1922 963 1977; x_wconf 91' lang='lat' dir='ltr'><strong>et</strong></span> <span class='ocrx_word' id='word_1_71' title='bbox 983 1903 1186 1978; x_wconf 84' lang='lat' dir='ltr'><strong>sanctificet</strong></span> <span class='ocrx_word' id='word_1_72' title='bbox 1207 1905 1301 1978; x_wconf 90' lang='lat' dir='ltr'><strong>hanc</strong></span> <span class='ocrx_word' id='word_1_73' title='bbox 1322 1923 1506 2002; x_wconf 80' lang='lat' dir='ltr'><strong>patenam,</strong></span> <span class='ocrx_word' id='word_1_74' title='bbox 1532 1904 1579 1977; x_wconf 87' lang='lat' dir='ltr'><strong>ad</strong></span> <span class='ocrx_word' id='word_1_75' title='bbox 1600 1904 1793 1977; x_wconf 81' lang='lat' dir='ltr'><strong>conficien-</strong></span> 
     </span>
     <span class='ocr_line' id='line_1_12' title="bbox 517 2031 1791 2128; baseline 0.001 -27"><span class='ocrx_word' id='word_1_76' title='bbox 517 2061 534 2099; x_wconf 67' lang='lat' dir='ltr'><strong>e</strong></span> <span class='ocrx_word' id='word_1_77' title='bbox 561 2031 649 2102; x_wconf 93' lang='lat' dir='ltr'><strong>dum</strong></span> <span class='ocrx_word' id='word_1_78' title='bbox 670 2031 706 2101; x_wconf 92' lang='lat' dir='ltr'><strong>in</strong></span> <span class='ocrx_word' id='word_1_79' title='bbox 736 2057 781 2103; x_wconf 90' lang='lat' dir='ltr'><strong>ea</strong></span> <span class='ocrx_word' id='word_1_80' title='bbox 809 2057 943 2127; x_wconf 88' lang='lat' dir='ltr'><strong>corpus</strong></span> <span class='ocrx_word' id='word_1_81' title='bbox 975 2031 1125 2103; x_wconf 89' lang='lat' dir='ltr'><strong>Domini</strong></span> <span class='ocrx_word' id='word_1_82' title='bbox 1156 2033 1270 2104; x_wconf 90' lang='lat' dir='ltr'><strong>nostri</strong></span> <span class='ocrx_word' id='word_1_83' title='bbox 1287 2033 1372 2128; x_wconf 75' lang='lat' dir='ltr'><strong>jesu</strong></span> <span class='ocrx_word' id='word_1_84' title='bbox 1405 2031 1552 2116; x_wconf 85' lang='lat' dir='ltr'><strong>Christi,</strong></span> <span class='ocrx_word' id='word_1_85' title='bbox 1583 2032 1645 2127; x_wconf 93' lang='lat' dir='ltr'><strong>qui</strong></span> <span class='ocrx_word' id='word_1_86' title='bbox 1675 2031 1791 2104; x_wconf 87' lang='lat' dir='ltr'><strong>crucis</strong></span> 
     </span>
     <span class='ocr_line' id='line_1_13' title="bbox 517 2157 1789 2254; baseline 0 -27"><span class='ocrx_word' id='word_1_87' title='bbox 517 2159 766 2254; x_wconf 79' lang='lat' dir='ltr'><strong>«passionem</strong></span> <span class='ocrx_word' id='word_1_88' title='bbox 800 2157 974 2230; x_wconf 86' lang='lat' dir='ltr'><strong>sustinuit</strong></span> <span class='ocrx_word' id='word_1_89' title='bbox 1006 2184 1072 2254; x_wconf 89' lang='lat' dir='ltr'><strong>pro</strong></span> <span class='ocrx_word' id='word_1_90' title='bbox 1109 2158 1228 2231; x_wconf 88' lang='lat' dir='ltr'><strong>salute</strong></span> <span class='ocrx_word' id='word_1_91' title='bbox 1260 2160 1424 2232; x_wconf 93' lang='lat' dir='ltr'><strong>omnium</strong></span> <span class='ocrx_word' id='word_1_92' title='bbox 1463 2173 1683 2230; x_wconf 88' lang='lat' dir='ltr'><strong>nostrorum.</strong></span> <span class='ocrx_word' id='word_1_93' title='bbox 1716 2157 1789 2251; x_wconf 86' lang='lat' dir='ltr'><strong>Qui</strong></span> 
     </span>
     <span class='ocr_line' id='line_1_14' title="bbox 518 2283 1292 2379; baseline 0.005 -27"><span class='ocrx_word' id='word_1_94' title='bbox 518 2309 637 2356; x_wconf 82' lang='lat' dir='ltr'><strong>«cum</strong></span> <span class='ocrx_word' id='word_1_95' title='bbox 668 2285 774 2356; x_wconf 88' lang='lat' dir='ltr'><strong>Patre</strong></span> <span class='ocrx_word' id='word_1_96' title='bbox 803 2298 841 2355; x_wconf 86' lang='lat' dir='ltr'><strong>et</strong></span> <span class='ocrx_word' id='word_1_97' title='bbox 869 2283 1007 2379; x_wconf 85' lang='lat' dir='ltr'><strong>Spiritu</strong></span> <span class='ocrx_word' id='word_1_98' title='bbox 1038 2301 1166 2356; x_wconf 88' lang='lat' dir='ltr'><strong>sancto</strong></span> <span class='ocrx_word' id='word_1_99' title='bbox 1194 2285 1292 2356; x_wconf 85' lang='lat' dir='ltr'><strong>vivit.</strong></span> 
     </span>
    </p>

    <p class='ocr_par' dir='ltr' id='par_1_6' title="bbox 518 2409 1793 2618">
     <span class='ocr_line' id='line_1_15' title="bbox 626 2409 1793 2507; baseline 0 -27"><span class='ocrx_word' id='word_1_100' title='bbox 626 2410 755 2481; x_wconf 82' lang='lat' dir='ltr'><strong>«Inde</strong></span> <span class='ocrx_word' id='word_1_101' title='bbox 770 2409 895 2504; x_wconf 68' lang='lat' dir='ltr'><strong>suerint</strong></span> <span class='ocrx_word' id='word_1_102' title='bbox 921 2411 1069 2504; x_wconf 54' lang='lat' dir='ltr'><strong>signum</strong></span> <span class='ocrx_word' id='word_1_103' title='bbox 1106 2411 1223 2482; x_wconf 80' lang='lat' dir='ltr'><strong>crucis</strong></span> <span class='ocrx_word' id='word_1_104' title='bbox 1250 2410 1293 2481; x_wconf 84' lang='lat' dir='ltr'><strong>o‘e</strong></span> <span class='ocrx_word' id='word_1_105' title='bbox 1329 2411 1401 2482; x_wconf 84' lang='lat' dir='ltr'><strong>olco</strong></span> <span class='ocrx_word' id='word_1_106' title='bbox 1431 2422 1553 2484; x_wconf 79' lang='lat' dir='ltr'><strong>sancto</strong></span> <span class='ocrx_word' id='word_1_107' title='bbox 1583 2420 1695 2507; x_wconf 72' lang='lat' dir='ltr'><strong>snper</strong></span> <span class='ocrx_word' id='word_1_108' title='bbox 1719 2419 1793 2505; x_wconf 80' lang='lat' dir='ltr'><strong>pn-</strong></span> 
     </span>
     <span class='ocr_line' id='line_1_16' title="bbox 518 2534 1771 2618; baseline 0.002 -14"><span class='ocrx_word' id='word_1_109' title='bbox 518 2546 673 2608; x_wconf 78' lang='lat' dir='ltr'><strong>«lennm</strong></span> <span class='ocrx_word' id='word_1_110' title='bbox 701 2535 839 2607; x_wconf 80' lang='lat' dir='ltr'><strong>dz&#39;cens:</strong></span> <span class='ocrx_word' id='word_1_111' title='bbox 868 2534 1095 2608; x_wconf 83' lang='lat' dir='ltr'><strong>Consecrare</strong></span> <span class='ocrx_word' id='word_1_112' title='bbox 1125 2551 1163 2607; x_wconf 89' lang='lat' dir='ltr'><strong>et</strong></span> <span class='ocrx_word' id='word_1_113' title='bbox 1190 2535 1425 2618; x_wconf 87' lang='lat' dir='ltr'><strong>sanctificare,</strong></span> <span class='ocrx_word' id='word_1_114' title='bbox 1456 2553 1524 2608; x_wconf 89' lang='lat' dir='ltr'><strong>etc.</strong></span> <span class='ocrx_word' id='word_1_115' title='bbox 1547 2564 1564 2606; x_wconf 82' lang='lat'><strong>»</strong></span> <span class='ocrx_word' id='word_1_116' title='bbox 1591 2553 1631 2608; x_wconf 91' lang='lat' dir='ltr'><strong>ut</strong></span> <span class='ocrx_word' id='word_1_117' title='bbox 1658 2535 1694 2607; x_wconf 89' lang='lat' dir='ltr'><strong>in</strong></span> <span class='ocrx_word' id='word_1_118' title='bbox 1725 2535 1771 2607; x_wconf 91' lang='lat' dir='ltr'><strong>A.</strong></span> 
     </span>
    </p>

    <p class='ocr_par' dir='ltr' id='par_1_7' title="bbox 511 2659 1791 3006">
     <span class='ocr_line' id='line_1_17' title="bbox 624 2659 1791 2760; baseline -0.001 -27"><span class='ocrx_word' id='word_1_119' title='bbox 624 2685 680 2733; x_wconf 86' lang='lat'><strong>11.</strong></span> <span class='ocrx_word' id='word_1_120' title='bbox 712 2660 752 2760; x_wconf 82' lang='lat' dir='ltr'><strong>(f.</strong></span> <span class='ocrx_word' id='word_1_121' title='bbox 787 2661 861 2756; x_wconf 87' lang='lat'><strong>25).</strong></span> <span class='ocrx_word' id='word_1_122' title='bbox 891 2660 999 2733; x_wconf 74' lang='lat' dir='ltr'><strong>«Ad</strong></span> <span class='ocrx_word' id='word_1_123' title='bbox 1021 2661 1163 2733; x_wconf 75' lang='lat' dir='ltr'><strong>culicem</strong></span> <span class='ocrx_word' id='word_1_124' title='bbox 1191 2661 1492 2734; x_wconf 83' lang='lat' dir='ltr'><strong>consecrandum:</strong></span> <span class='ocrx_word' id='word_1_125' title='bbox 1516 2663 1678 2733; x_wconf 89' lang='lat' dir='ltr'><strong>Oremus</strong></span> <span class='ocrx_word' id='word_1_126' title='bbox 1706 2659 1791 2732; x_wconf 89' lang='lat' dir='ltr'><strong>dile-</strong></span> 
     </span>
     <span class='ocr_line' id='line_1_18' title="bbox 518 2785 1784 2880; baseline -0.002 -25"><span class='ocrx_word' id='word_1_127' title='bbox 518 2786 716 2867; x_wconf 69' lang='lat' dir='ltr'><strong>«ctissimi¹</strong></span> <span class='ocrx_word' id='word_1_128' title='bbox 748 2801 815 2858; x_wconf 91' lang='lat' dir='ltr'><strong>etc.</strong></span> <span class='ocrx_word' id='word_1_129' title='bbox 848 2785 1054 2858; x_wconf 72' lang='lat' dir='ltr'><strong>lr&#39;ruedr&#39;clrb</strong></span> <span class='ocrx_word' id='word_1_130' title='bbox 1079 2786 1219 2858; x_wconf 71' lang='lat' dir='ltr'><strong>culicis.-</strong></span> <span class='ocrx_word' id='word_1_131' title='bbox 1250 2785 1433 2880; x_wconf 72' lang='lat' dir='ltr'><strong>Dignare,</strong></span> <span class='ocrx_word' id='word_1_132' title='bbox 1467 2787 1640 2866; x_wconf 82' lang='lat' dir='ltr'><strong>Domine,</strong></span> <span class='ocrx_word' id='word_1_133' title='bbox 1676 2801 1784 2858; x_wconf 76' lang='lat' dir='ltr'><strong>ete.»</strong></span> 
     </span>
     <span class='ocr_line' id='line_1_19' title="bbox 511 2911 1206 3006; baseline -0.001 -21"><span class='ocrx_word' id='word_1_134' title='bbox 511 2930 552 2985; x_wconf 91' lang='lat' dir='ltr'><strong>ut</strong></span> <span class='ocrx_word' id='word_1_135' title='bbox 581 2913 614 2984; x_wconf 92' lang='lat' dir='ltr'><strong>in</strong></span> <span class='ocrx_word' id='word_1_136' title='bbox 646 2912 681 2983; x_wconf 89' lang='lat' dir='ltr'>A</span> <span class='ocrx_word' id='word_1_137' title='bbox 710 2911 836 3006; x_wconf 88' lang='lat' dir='ltr'><strong>paucis</strong></span> <span class='ocrx_word' id='word_1_138' title='bbox 865 2912 1016 2984; x_wconf 86' lang='lat' dir='ltr'><strong>vocibus</strong></span> <span class='ocrx_word' id='word_1_139' title='bbox 1046 2912 1206 2984; x_wconf 81' lang='lat' dir='ltr'><strong>mutatis</strong></span> 
     </span>
    </p>
   </div>
   <div class='ocr_carea' id='block_1_3' title="bbox 626 3032 1789 3139">
    <p class='ocr_par' dir='ltr' id='par_1_8' title="bbox 626 3032 1789 3139">
     <span class='ocr_line' id='line_1_20' title="bbox 626 3032 1789 3139; baseline 0.001 -30"><span class='ocrx_word' id='word_1_140' title='bbox 626 3062 681 3109; x_wconf 87' lang='lat'><strong>12.</strong></span> <span class='ocrx_word' id='word_1_141' title='bbox 717 3032 757 3138; x_wconf 86' lang='lat' dir='ltr'><strong>(s.</strong></span> <span class='ocrx_word' id='word_1_142' title='bbox 800 3034 883 3139; x_wconf 79' lang='lat'>26&#39;).</span> <span class='ocrx_word' id='word_1_143' title='bbox 924 3065 941 3106; x_wconf 69' lang='lat' dir='ltr'><strong>u</strong></span> <span class='ocrx_word' id='word_1_144' title='bbox 976 3039 1180 3110; x_wconf 69' lang='lat' dir='ltr'><strong>Benedictio</strong></span> <span class='ocrx_word' id='word_1_145' title='bbox 1221 3039 1274 3110; x_wconf 83' lang='lat' dir='ltr'><strong>ad</strong></span> <span class='ocrx_word' id='word_1_146' title='bbox 1306 3039 1510 3111; x_wconf 74' lang='lat' dir='ltr'><strong>vestiirrcnla</strong></span> <span class='ocrx_word' id='word_1_147' title='bbox 1552 3037 1789 3110; x_wconf 61' lang='lat' dir='ltr'><strong>sacerdotalia</strong></span> 
     </span>
    </p>
   </div>
   <div class='ocr_carea' id='block_1_4' title="bbox 510 3164 1809 5144">
    <p class='ocr_par' dir='ltr' id='par_1_9' title="bbox 519 3164 1793 3363">
     <span class='ocr_line' id='line_1_21' title="bbox 519 3164 1793 3259; baseline 0.001 -25"><span class='ocrx_word' id='word_1_148' title='bbox 519 3191 616 3236; x_wconf 81' lang='lat' dir='ltr'><strong>«sen</strong></span> <span class='ocrx_word' id='word_1_149' title='bbox 654 3164 792 3235; x_wconf 68' lang='lat' dir='ltr'><strong>levitica</strong></span> <span class='ocrx_word' id='word_1_150' title='bbox 825 3173 932 3259; x_wconf 80' lang='lat' dir='ltr'><strong>alque</strong></span> <span class='ocrx_word' id='word_1_151' title='bbox 968 3166 1145 3259; x_wconf 75' lang='lat' dir='ltr'><strong>sequentis</strong></span> <span class='ocrx_word' id='word_1_152' title='bbox 1185 3165 1339 3237; x_wconf 70' lang='lat' dir='ltr'><strong>Ordines</strong></span> <span class='ocrx_word' id='word_1_153' title='bbox 1375 3167 1665 3237; x_wconf 66' lang='lat' dir='ltr'><strong>metulvtrmm&#39;mn</strong></span> <span class='ocrx_word' id='word_1_154' title='bbox 1699 3164 1793 3236; x_wconf 82' lang='lat' dir='ltr'><strong>dene·</strong></span> 
     </span>
     <span class='ocr_line' id='line_1_22' title="bbox 519 3290 716 3363; baseline 0.005 -3"><span class='ocrx_word' id='word_1_155' title='bbox 519 3290 716 3363; x_wconf 74' lang='lat' dir='ltr'><strong>«driendo.</strong></span> 
     </span>
    </p>

    <p class='ocr_par' dir='ltr' id='par_1_10' title="bbox 519 3413 1809 3640">
     <span class='ocr_line' id='line_1_23' title="bbox 625 3413 1809 3515; baseline -0.001 -29"><span class='ocrx_word' id='word_1_156' title='bbox 625 3415 913 3511; x_wconf 74' lang='lat' dir='ltr'><strong>«Omnipotens</strong></span> <span class='ocrx_word' id='word_1_157' title='bbox 946 3416 1169 3512; x_wconf 83' lang='lat' dir='ltr'><strong>sempiterne</strong></span> <span class='ocrx_word' id='word_1_158' title='bbox 1200 3417 1321 3500; x_wconf 84' lang='lat' dir='ltr'><strong>Deus,</strong></span> <span class='ocrx_word' id='word_1_159' title='bbox 1353 3417 1415 3515; x_wconf 93' lang='lat' dir='ltr'><strong>qui</strong></span> <span class='ocrx_word' id='word_1_160' title='bbox 1446 3441 1512 3512; x_wconf 88' lang='lat' dir='ltr'><strong>per</strong></span> <span class='ocrx_word' id='word_1_161' title='bbox 1549 3417 1705 3511; x_wconf 78' lang='lat' dir='ltr'><strong>Moysen</strong></span> <span class='ocrx_word' id='word_1_162' title='bbox 1742 3413 1809 3486; x_wconf 83' lang='lat' dir='ltr'><strong>fa-&#39;</strong></span> 
     </span>
     <span class='ocr_line' id='line_1_24' title="bbox 519 3539 1545 3640; baseline 0.002 -28"><span class='ocrx_word' id='word_1_163' title='bbox 519 3541 695 3614; x_wconf 82' lang='lat' dir='ltr'><strong>«mulum</strong></span> <span class='ocrx_word' id='word_1_164' title='bbox 726 3559 828 3613; x_wconf 90' lang='lat' dir='ltr'><strong>tuum</strong></span> <span class='ocrx_word' id='word_1_165' title='bbox 858 3541 1090 3638; x_wconf 84' lang='lat' dir='ltr'><strong>pontificalia,</strong></span> <span class='ocrx_word' id='word_1_166' title='bbox 1122 3561 1189 3616; x_wconf 90' lang='lat' dir='ltr'><strong>etc.</strong></span> <span class='ocrx_word' id='word_1_167' title='bbox 1221 3544 1333 3639; x_wconf 77' lang='lat' dir='ltr'><strong>(Mur.</strong></span> <span class='ocrx_word' id='word_1_168' title='bbox 1366 3543 1411 3625; x_wconf 88' lang='lat' dir='ltr'><strong>II,</strong></span> <span class='ocrx_word' id='word_1_169' title='bbox 1446 3539 1545 3640; x_wconf 79' lang='lat'>501).</span> 
     </span>
    </p>

    <p class='ocr_par' dir='ltr' id='par_1_11' title="bbox 519 3669 1794 3888">
     <span class='ocr_line' id='line_1_25' title="bbox 625 3669 1794 3764; baseline 0.004 -28"><span class='ocrx_word' id='word_1_170' title='bbox 625 3669 755 3740; x_wconf 67' lang='lat' dir='ltr'><strong>«Alb</strong></span> <span class='ocrx_word' id='word_1_171' title='bbox 774 3669 900 3740; x_wconf 63' lang='lat' dir='ltr'><strong>omno.</strong></span> <span class='ocrx_word' id='word_1_172' title='bbox 925 3669 1087 3740; x_wconf 85' lang='lat' dir='ltr'><strong>Domine</strong></span> <span class='ocrx_word' id='word_1_173' title='bbox 1119 3669 1234 3752; x_wconf 66' lang='lat' dir='ltr'><strong>Deus</strong></span> <span class='ocrx_word' id='word_1_174' title='bbox 1266 3669 1503 3764; x_wconf 88' lang='lat' dir='ltr'><strong>omnipotens</strong></span> <span class='ocrx_word' id='word_1_175' title='bbox 1526 3670 1642 3746; x_wconf 84' lang='lat' dir='ltr'><strong>Pater.</strong></span> <span class='ocrx_word' id='word_1_176' title='bbox 1675 3685 1794 3741; x_wconf 81' lang='lat' dir='ltr'><strong>texet</strong></span> 
     </span>
     <span class='ocr_line' id='line_1_26' title="bbox 519 3792 1158 3888; baseline 0.009 -28"><span class='ocrx_word' id='word_1_177' title='bbox 519 3793 775 3888; x_wconf 76' lang='lat' dir='ltr'><strong>«magnificus</strong></span> <span class='ocrx_word' id='word_1_178' title='bbox 804 3792 1058 3888; x_wconf 88' lang='lat' dir='ltr'><strong>triumphator,</strong></span> <span class='ocrx_word' id='word_1_179' title='bbox 1090 3811 1158 3868; x_wconf 91' lang='lat' dir='ltr'><strong>etc.</strong></span> 
     </span>
    </p>

    <p class='ocr_par' dir='ltr' id='par_1_12' title="bbox 510 3917 1795 4139">
     <span class='ocr_line' id='line_1_27' title="bbox 619 3917 1795 4017; baseline 0.004 -30"><span class='ocrx_word' id='word_1_180' title='bbox 619 3917 824 3990; x_wconf 54' lang='lat' dir='ltr'><strong>Ionidai-rio</strong></span> <span class='ocrx_word' id='word_1_181' title='bbox 851 3917 904 3990; x_wconf 86' lang='lat' dir='ltr'><strong>ad</strong></span> <span class='ocrx_word' id='word_1_182' title='bbox 918 3918 1029 3990; x_wconf 78' lang='lat' dir='ltr'><strong>stolus</strong></span> <span class='ocrx_word' id='word_1_183' title='bbox 1047 3920 1104 3990; x_wconf 71' lang='lat' dir='ltr'><strong>vel</strong></span> <span class='ocrx_word' id='word_1_184' title='bbox 1112 3919 1291 4016; x_wconf 72' lang='lat' dir='ltr'><strong>planetas,</strong></span> <span class='ocrx_word' id='word_1_185' title='bbox 1322 3919 1467 4014; x_wconf 81' lang='lat' dir='ltr'><strong>qrtondo</strong></span> <span class='ocrx_word' id='word_1_186' title='bbox 1489 3919 1616 3991; x_wconf 70' lang='lat' dir='ltr'><strong>leru&#39;lne</strong></span> <span class='ocrx_word' id='word_1_187' title='bbox 1633 3945 1694 3992; x_wconf 82' lang='lat' dir='ltr'><strong>sert</strong></span> <span class='ocrx_word' id='word_1_188' title='bbox 1708 3931 1795 4017; x_wconf 78' lang='lat' dir='ltr'><strong>pre-</strong></span> 
     </span>
     <span class='ocr_line' id='line_1_28' title="bbox 510 4043 1001 4139; baseline 0.004 -25"><span class='ocrx_word' id='word_1_189' title='bbox 510 4043 646 4139; x_wconf 66' lang='lat' dir='ltr'><strong>sbyteri</strong></span> <span class='ocrx_word' id='word_1_190' title='bbox 670 4045 871 4116; x_wconf 66' lang='lat' dir='ltr'><strong>urinandi</strong></span> <span class='ocrx_word' id='word_1_191' title='bbox 895 4055 1001 4117; x_wconf 71' lang='lat' dir='ltr'><strong>suns.-</strong></span> 
     </span>
    </p>

    <p class='ocr_par' dir='ltr' id='par_1_13' title="bbox 625 4166 1760 4274">
     <span class='ocr_line' id='line_1_29' title="bbox 625 4166 1760 4274; baseline 0.002 -36"><span class='ocrx_word' id='word_1_192' title='bbox 625 4170 771 4241; x_wconf 82' lang='lat' dir='ltr'><strong>«l)eus</strong></span> <span class='ocrx_word' id='word_1_193' title='bbox 800 4169 955 4242; x_wconf 86' lang='lat' dir='ltr'><strong>invictae</strong></span> <span class='ocrx_word' id='word_1_194' title='bbox 984 4170 1127 4242; x_wconf 90' lang='lat' dir='ltr'><strong>virtutis</strong></span> <span class='ocrx_word' id='word_1_195' title='bbox 1154 4187 1283 4244; x_wconf 85' lang='lat' dir='ltr'><strong>auctor</strong></span> <span class='ocrx_word' id='word_1_196' title='bbox 1310 4189 1367 4244; x_wconf 87' lang='lat' dir='ltr'><strong>etc</strong></span> <span class='ocrx_word' id='word_1_197' title='bbox 1396 4169 1506 4274; x_wconf 76' lang='lat' dir='ltr'><strong>(Mur.</strong></span> <span class='ocrx_word' id='word_1_198' title='bbox 1540 4172 1584 4250; x_wconf 91' lang='grc' dir='ltr'><strong>ΙΙ,</strong></span> <span class='ocrx_word' id='word_1_199' title='bbox 1620 4166 1760 4272; x_wconf 70' lang='lat'>501).»</span> 
     </span>
    </p>

    <p class='ocr_par' dir='ltr' id='par_1_14' title="bbox 512 4297 1791 4644">
     <span class='ocr_line' id='line_1_30' title="bbox 619 4297 1790 4394; baseline 0 -26"><span class='ocrx_word' id='word_1_200' title='bbox 619 4297 712 4369; x_wconf 74' lang='lat' dir='ltr'><strong>&#39;l&#39;res</strong></span> <span class='ocrx_word' id='word_1_201' title='bbox 754 4299 940 4370; x_wconf 84' lang='lat' dir='ltr'><strong>orationes</strong></span> <span class='ocrx_word' id='word_1_202' title='bbox 976 4297 1269 4393; x_wconf 86' lang='lat' dir='ltr'><strong>superindicatae</strong></span> <span class='ocrx_word' id='word_1_203' title='bbox 1303 4297 1402 4394; x_wconf 86' lang='lat' dir='ltr'><strong>apud</strong></span> <span class='ocrx_word' id='word_1_204' title='bbox 1442 4299 1615 4370; x_wconf 70' lang='lat' dir='ltr'><strong>sisnrleue</strong></span> <span class='ocrx_word' id='word_1_205' title='bbox 1650 4297 1693 4369; x_wconf 85' lang='lat' dir='ltr'><strong>de</strong></span> <span class='ocrx_word' id='word_1_206' title='bbox 1728 4297 1790 4368; x_wconf 79' lang='lat' dir='ltr'><strong>rr&#39;l.</strong></span> 
     </span>
     <span class='ocr_line' id='line_1_31' title="bbox 513 4421 1791 4518; baseline -0.001 -25"><span class='ocrx_word' id='word_1_207' title='bbox 513 4424 616 4494; x_wconf 65' lang='lat' dir='ltr'><strong>‚S&#39;ncrz</strong></span> <span class='ocrx_word' id='word_1_208' title='bbox 645 4423 799 4495; x_wconf 81' lang='lat' dir='ltr'><strong>Ordz&#39;m&#39;s</strong></span> <span class='ocrx_word' id='word_1_209' title='bbox 824 4424 859 4496; x_wconf 91' lang='lat' dir='ltr'><strong>in</strong></span> <span class='ocrx_word' id='word_1_210' title='bbox 889 4423 1018 4494; x_wconf 88' lang='lat' dir='ltr'><strong>ordine</strong></span> <span class='ocrx_word' id='word_1_211' title='bbox 1041 4421 1072 4493; x_wconf 89' lang='grc' dir='ltr'><strong>ΙΙ</strong></span> <span class='ocrx_word' id='word_1_212' title='bbox 1096 4422 1249 4518; x_wconf 82' lang='lat' dir='ltr'><strong>Egberti</strong></span> <span class='ocrx_word' id='word_1_213' title='bbox 1272 4423 1516 4495; x_wconf 83' lang='lat' dir='ltr'><strong>Eboracensis</strong></span> <span class='ocrx_word' id='word_1_214' title='bbox 1541 4422 1791 4505; x_wconf 70' lang='lat' dir='ltr'><strong>inveniuntur:</strong></span> 
     </span>
     <span class='ocr_line' id='line_1_32' title="bbox 512 4547 1790 4644; baseline 0.001 -26"><span class='ocrx_word' id='word_1_215' title='bbox 512 4547 754 4644; x_wconf 85' lang='lat' dir='ltr'><strong>eaedemque,</strong></span> <span class='ocrx_word' id='word_1_216' title='bbox 786 4549 892 4622; x_wconf 89' lang='lat' dir='ltr'><strong>tertia</strong></span> <span class='ocrx_word' id='word_1_217' title='bbox 920 4565 1092 4643; x_wconf 85' lang='lat' dir='ltr'><strong>excepta,</strong></span> <span class='ocrx_word' id='word_1_218' title='bbox 1125 4564 1251 4620; x_wconf 87' lang='lat' dir='ltr'><strong>extant</strong></span> <span class='ocrx_word' id='word_1_219' title='bbox 1281 4549 1315 4620; x_wconf 93' lang='lat' dir='ltr'><strong>in</strong></span> <span class='ocrx_word' id='word_1_220' title='bbox 1347 4549 1515 4627; x_wconf 84' lang='lat' dir='ltr'><strong>Gerbert,</strong></span> <span class='ocrx_word' id='word_1_221' title='bbox 1547 4547 1569 4620; x_wconf 84' lang='lat' dir='ltr'><strong>l.</strong></span> <span class='ocrx_word' id='word_1_222' title='bbox 1600 4573 1629 4620; x_wconf 90' lang='lat' dir='ltr'><strong>c.</strong></span> <span class='ocrx_word' id='word_1_223' title='bbox 1662 4575 1696 4643; x_wconf 87' lang='lat' dir='ltr'><strong>p.</strong></span> <span class='ocrx_word' id='word_1_224' title='bbox 1731 4567 1790 4638; x_wconf 84' lang='lat'><strong>55.</strong></span> 
     </span>
    </p>

    <p class='ocr_par' dir='ltr' id='par_1_15' title="bbox 512 4671 1794 5144">
     <span class='ocr_line' id='line_1_33' title="bbox 625 4671 1792 4774; baseline -0.002 -30"><span class='ocrx_word' id='word_1_225' title='bbox 625 4695 680 4763; x_wconf 80' lang='lat'><strong>13.</strong></span> <span class='ocrx_word' id='word_1_226' title='bbox 701 4671 740 4774; x_wconf 78' lang='lat' dir='ltr'><strong>(i.</strong></span> <span class='ocrx_word' id='word_1_227' title='bbox 765 4681 840 4765; x_wconf 84' lang='lat'><strong>36).</strong></span> <span class='ocrx_word' id='word_1_228' title='bbox 868 4673 973 4746; x_wconf 85' lang='lat' dir='ltr'><strong>Ordo</strong></span> <span class='ocrx_word' id='word_1_229' title='bbox 1001 4673 1063 4771; x_wconf 92' lang='lat' dir='ltr'><strong>qui</strong></span> <span class='ocrx_word' id='word_1_230' title='bbox 1094 4673 1270 4769; x_wconf 87' lang='lat' dir='ltr'><strong>sequitur,</strong></span> <span class='ocrx_word' id='word_1_231' title='bbox 1296 4673 1380 4746; x_wconf 89' lang='lat' dir='ltr'><strong>licet</strong></span> <span class='ocrx_word' id='word_1_232' title='bbox 1400 4674 1475 4746; x_wconf 88' lang='lat' dir='ltr'><strong>sere</strong></span> <span class='ocrx_word' id='word_1_233' title='bbox 1495 4674 1690 4746; x_wconf 87' lang='lat' dir='ltr'><strong>conveniat</strong></span> <span class='ocrx_word' id='word_1_234' title='bbox 1710 4698 1792 4745; x_wconf 91' lang='lat' dir='ltr'><strong>cum</strong></span> 
     </span>
     <span class='ocr_line' id='line_1_34' title="bbox 512 4797 1788 4876; baseline 0.002 -8"><span class='ocrx_word' id='word_1_235' title='bbox 512 4797 703 4870; x_wconf 88' lang='lat' dir='ltr'><strong>ordinibus</strong></span> <span class='ocrx_word' id='word_1_236' title='bbox 734 4799 785 4871; x_wconf 89' lang='grc' dir='ltr'><strong>ΙΙΙ</strong></span> <span class='ocrx_word' id='word_1_237' title='bbox 817 4816 854 4871; x_wconf 88' lang='lat' dir='ltr'><strong>et</strong></span> <span class='ocrx_word' id='word_1_238' title='bbox 885 4799 934 4870; x_wconf 63' lang='lat' dir='ltr'><strong>lt*</strong></span> <span class='ocrx_word' id='word_1_239' title='bbox 965 4799 1074 4870; x_wconf 90' lang='lat' dir='ltr'><strong>editis</strong></span> <span class='ocrx_word' id='word_1_240' title='bbox 1102 4823 1124 4870; x_wconf 86' lang='lat' dir='ltr'><strong>a</strong></span> <span class='ocrx_word' id='word_1_241' title='bbox 1153 4798 1333 4876; x_wconf 75' lang='lat' dir='ltr'><strong>Mortem,</strong></span> <span class='ocrx_word' id='word_1_242' title='bbox 1365 4797 1493 4872; x_wconf 86' lang='lat' dir='ltr'><strong>etalio</strong></span> <span class='ocrx_word' id='word_1_243' title='bbox 1523 4799 1623 4871; x_wconf 91' lang='lat' dir='ltr'><strong>edito</strong></span> <span class='ocrx_word' id='word_1_244' title='bbox 1643 4823 1688 4871; x_wconf 77' lang='lat' dir='ltr'><strong>ex</strong></span> <span class='ocrx_word' id='word_1_245' title='bbox 1708 4797 1788 4870; x_wconf 90' lang='lat' dir='ltr'><strong>cod.</strong></span> 
     </span>
     <span class='ocr_line' id='line_1_35' title="bbox 515 4922 1794 5014; baseline 0.002 -22"><span class='ocrx_word' id='word_1_246' title='bbox 515 4922 674 4995; x_wconf 67' lang='lat' dir='ltr'><strong>Vindob.</strong></span> <span class='ocrx_word' id='word_1_247' title='bbox 696 4948 718 4994; x_wconf 89' lang='lat' dir='ltr'><strong>a</strong></span> <span class='ocrx_word' id='word_1_248' title='bbox 743 4925 905 5006; x_wconf 80' lang='lat' dir='ltr'><strong>(irrberl,</strong></span> <span class='ocrx_word' id='word_1_249' title='bbox 926 4932 948 4996; x_wconf 89' lang='lat'>6</span> <span class='ocrx_word' id='word_1_250' title='bbox 954 4947 985 5014; x_wconf 84' lang='lat'><strong>3.</strong></span> <span class='ocrx_word' id='word_1_251' title='bbox 1008 4941 1131 4996; x_wconf 88' lang='lat' dir='ltr'><strong>tamen</strong></span> <span class='ocrx_word' id='word_1_252' title='bbox 1162 4925 1371 4996; x_wconf 88' lang='lat' dir='ltr'><strong>summatim</strong></span> <span class='ocrx_word' id='word_1_253' title='bbox 1400 4924 1470 4998; x_wconf 91' lang='lat' dir='ltr'><strong>hoc</strong></span> <span class='ocrx_word' id='word_1_254' title='bbox 1499 4924 1580 4998; x_wconf 89' lang='lat' dir='ltr'><strong>loco</strong></span> <span class='ocrx_word' id='word_1_255' title='bbox 1605 4924 1722 5008; x_wconf 87' lang='lat' dir='ltr'><strong>datur,</strong></span> <span class='ocrx_word' id='word_1_256' title='bbox 1754 4940 1794 4995; x_wconf 93' lang='lat' dir='ltr'><strong>ut</strong></span> 
     </span>
     <span class='ocr_line' id='line_1_36' title="bbox 513 5048 964 5144; baseline 0.007 -24"><span class='ocrx_word' id='word_1_257' title='bbox 513 5073 595 5120; x_wconf 90' lang='lat' dir='ltr'><strong>cum</strong></span> <span class='ocrx_word' id='word_1_258' title='bbox 626 5048 694 5121; x_wconf 85' lang='lat' dir='ltr'><strong>illis</strong></span> <span class='ocrx_word' id='word_1_259' title='bbox 722 5067 964 5144; x_wconf 90' lang='lat' dir='ltr'><strong>comparetur.</strong></span> 
     </span>
    </p>
   </div>
   <div class='ocr_carea' id='block_1_5' title="bbox 0 0 2046 6128">
    <p class='ocr_par' dir='ltr' id='par_1_16' title="bbox 0 0 2046 6128">
     <span class='ocr_line' id='line_1_37' title="bbox 0 0 2046 6128; baseline 0 1"><span class='ocrx_word' id='word_1_260' title='bbox 0 0 2046 6128; x_wconf 95' lang='lat' dir='ltr'><strong> </strong></span> 
     </span>
    </p>
   </div>
  </div>
 </body>
</html>
