4084 6128
550 513 660 566 ORDO
681 513 737 566 AD
759 509 981 566 ECCLESIAM
1005 503 1275 562 DEDlCANDAlll
1521 511 1551 564 15

277 763 312 839 in
340 787 384 836 ea
418 760 526 834 suerit
561 759 731 841 tinctum,
762 757 986 853 ubicumque
1014 751 1179 825 sonuerit
1206 750 1285 824 eius
1313 746 1550 832 tinnibulum,

277 887 387 986 longe
421 884 569 960 recedat
601 885 714 958 virtus
743 882 981 964 inimicorum,
1019 877 1149 952 umbra
1190 876 1460 958 fantasmatum,
1503 875 1554 946 in-

277 1014 395 1087 cursio
414 1011 611 1096 turbinum,
643 1008 831 1107 percussio
860 1004 1063 1089 fulminum,
1094 1002 1209 1077 laesio
1237 1002 1466 1085 tornitruum,
1498 1025 1553 1074 ca-

277 1139 419 1216 lamitas
451 1139 730 1235 tempestatum,
761 1134 882 1208 omnis
917 1131 1065 1229 spiritus
1093 1127 1351 1226 procellarum:
1382 1145 1438 1214 ut,
1469 1152 1552 1200 cum

277 1264 486 1362 clangorem
525 1262 619 1338 illius
647 1261 829 1336 audierint
857 1258 917 1334 filii
947 1256 1236 1334 christianorum.
1268 1272 1407 1332 crescat
1435 1255 1471 1326 in
1499 1253 1553 1329 eis

277 1390 482 1464 devotionis
513 1405 771 1487 augmentum;
803 1403 843 1460 ut
879 1385 1094 1458 festinantes
1122 1380 1169 1456 ad
1198 1383 1281 1478 piae
1315 1381 1440 1454 matris
1473 1404 1553 1476 gre-

277 1516 406 1602 mium,
436 1531 585 1590 cantent
612 1514 676 1588 tibi
706 1515 742 1586 in
771 1508 924 1586 ecclesia
952 1509 1132 1582 canticum
1170 1533 1306 1580 novum
1336 1507 1373 1578 in
1401 1503 1554 1579 ecclesia

276 1657 502 1728 sanctorum
535 1639 744 1714 deserentes
777 1639 813 1711 in
851 1662 944 1714 sono
986 1634 1098 1714 tubae
1133 1633 1389 1730 praeconium,
1428 1629 1554 1704 modo-

276 1766 448 1842 lationem
478 1791 544 1864 per
571 1763 800 1862 psalterium,
844 1759 1107 1836 exultationem
1142 1784 1208 1856 per
1244 1782 1442 1856 organum,
1475 1781 1554 1830 sua-

420 2077 445 2115 1.
460 2061 522 2114 eius
541 2059 728 2113 tinnibulum:
741 2059 795 2112 hoc
803 2054 1038 2117 tintinnabulum,
1061 2054 1092 2106 B.
1113 2052 1176 2120 ejus
1186 2050 1367 2106 tinnabulum
1385 2052 1419 2104 C.
1431 2078 1465 2090 -
1475 2065 1502 2118 3.
1513 2057 1556 2102 to

349 2142 488 2197 nitruum:
503 2141 705 2205 tonitruorum,
727 2141 759 2194 Β.
774 2171 807 2180 -
826 2154 853 2205 4.
875 2145 919 2192 ut:
941 2143 979 2198 et,
1002 2135 1033 2188 B.
1055 2161 1089 2175 -
1108 2136 1134 2187 6.
1156 2131 1269 2186 matris:
1291 2131 1389 2186 matris
1407 2128 1553 2192 ecclesiae,
1655 2129 1662 2141 '

350 2224 381 2279 B.
395 2253 430 2262 -
444 2237 470 2288 7.
491 2221 520 2276 in
532 2221 653 2276 ecclesia
671 2220 813 2276 canticum
833 2234 940 2273 novum
959 2216 988 2270 in
1007 2213 1141 2269 ecclesias
1159 2220 1331 2270 sanstorum,
1346 2213 1373 2266 A
1386 2229 1449 2266 cum
1467 2212 1505 2266 C:
1527 2211 1555 2265 in

347 2303 466 2358 ecclesia
477 2311 640 2358 sanctorum
659 2301 802 2356 canticum
822 2315 939 2361 novum,
962 2299 992 2350 B.
1007 2325 1042 2338 -
1055 2298 1081 2349 8.
1096 2293 1270 2348 deserentes:
1285 2291 1458 2349 differentes.
1472 2295 1507 2350 C.
1522 2323 1555 2334 -

348 2400 374 2451 9.
394 2400 445 2452 per
470 2382 651 2452 psalterium:
682 2382 818 2451 psalterii,
841 2383 871 2434 B.
893 2409 927 2418 -
946 2380 998 2446 per
1024 2390 1178 2443 organum:
1211 2373 1322 2442 organi,
1345 2375 1375 2428 B.

278 2644 424 2714 Menard,
449 2642 504 2724 qui
529 2641 561 2704 in
579 2652 644 2704 not.
664 2647 724 2720 587
742 2641 784 2703 ad
801 2661 930 2702 sacram.
950 2641 1095 2723 Gregor.,
1121 2661 1160 2702 ex
1175 2640 1268 2703 codd.
1294 2641 1444 2703 Remensi
1461 2646 1554 2721 (saec.

277 2742 356 2805 Vlll
380 2741 463 2804 circa
486 2741 554 2819 lin.)
576 2751 608 2802 et
633 2739 761 2802 Ratoldi
784 2739 856 2800 abb.
881 2742 973 2818 (saec.
999 2741 1043 2819 X)
1067 2739 1210 2802 ordinem
1235 2739 1418 2820 hujusmodi
1442 2740 1486 2804 ita
1505 2739 1557 2802 de·

278 2840 402 2904 scribit:
425 2862 442 2896 ‹
460 2839 495 2900 ln
512 2838 620 2900 codice
637 2838 735 2919 igitur
753 2837 901 2900 Remensi
919 2837 962 2899 ita
978 2839 1126 2901 habetur:
1144 2839 1201 2900 Ad
1208 2841 1339 2918 signum
1354 2841 1496 2900 ecclesiae
1512 2841 1557 2902 ic·

283 2963 300 2997 ‹
316 2940 534 3002 neds'cendum:
551 2936 697 3009 Benedic,
716 2936 864 3007 Domine,
882 2937 963 2998 hanc
979 2957 1094 3018 aquam
1113 2936 1332 3000 benedictione
1347 2937 1483 3010 caelesti,
1497 2949 1555 3001 etc.

283 3061 299 3094 ‹
318 3037 353 3098 In
375 3037 446 3100 cod.
471 3035 618 3098 Ratoldi:
643 3036 701 3097 Ad
719 3038 850 3116 signum
872 3038 1014 3097 ecclesiae
1036 3037 1283 3099 benedicendum.
1308 3037 1346 3098 In
1367 3039 1489 3117 primis
1512 3041 1558 3098 in·

283 3159 301 3192 e
316 3139 425 3216 tingue
448 3143 496 3197 ter
516 3137 550 3197 in
573 3155 658 3214 aqua
681 3135 816 3195 eilanes
845 3136 879 3194 in
902 3154 1042 3214 eaquae
1070 3136 1272 3197 benedicenda
1299 3137 1415 3198 estiis
1446 3137 1558 3198 verbr's:

284 3259 300 3292 α
319 3233 463 3304 Benedic,
490 3231 637 3304 Domine,
662 3231 744 3294 hanc
766 3252 884 3313 aquam
907 3232 1128 3295 benedictione
1151 3232 1277 3296 caelesti
1301 3245 1358 3296 etc.
1384 3243 1419 3296 ut
1443 3233 1474 3294 in
1500 3234 1558 3296 Or·

284 3358 301 3391 ι
316 3331 391 3396 dine
414 3334 560 3394 Romano
583 3333 711 3412 (nempe
730 3329 842 3393 Pontis.
863 3332 955 3392 Rom.
981 3329 1158 3409 hodierno).
1177 3368 1217 3378 -
1236 3333 1313 3395 Post
1332 3333 1406 3394 haec
1420 3334 1559 3395 cantabis

284 3433 452 3511 «psalmos
473 3450 539 3503 sex,
564 3432 601 3492 id
619 3437 681 3492 esi:
706 3429 825 3500 lauda,
843 3427 949 3491 anima
966 3449 1045 3501 mea,
1072 3429 1257 3501 Dominum,
1282 3450 1382 3510 usque
1402 3433 1437 3491 in
1454 3431 1558 3511 finem

284 3531 466 3610 «psalterii.
491 3529 624 3590 Inten‘m
647 3529 732 3590 laves
753 3548 825 3588 eum
848 3529 885 3588 de
907 3549 992 3608 aqua
1015 3527 1204 3606 (benedicta,
1229 3527 1388 3598 videlicet,
1415 3541 1449 3590 ut
1472 3549 1559 3609 prae-

284 3627 431 3709 «cipitur
461 3627 493 3690 in
515 3628 585 3689 cod.
613 3625 787 3704 Remensi)
809 3647 880 3688 cum
907 3628 971 3688 oleo
993 3628 1127 3693 eisaie:
1152 3635 1184 3687 et
1208 3629 1273 3688 dic:
1298 3628 1395 3698 Deus,
1422 3627 1477 3708 qui
1502 3649 1558 3708 per

284 3727 449 3806 «Moysen
483 3725 648 3807 legiferum
673 3725 765 3786 tubas
789 3737 955 3805 argenteas
979 3724 1046 3788 fieri
1070 3725 1256 3805 praecepisti
1281 3737 1350 3796 etc.,
1377 3739 1412 3788 ut
1444 3726 1474 3788 in
1500 3728 1559 3790 Or·

285 3851 301 3884 s
317 3825 391 3888 dine
415 3826 569 3888 Romano.
592 3861 632 3870 —
665 3825 752 3884 Tunc
772 3827 914 3902 extergis
932 3845 1003 3884 cum
1020 3827 1121 3896 linteo,
1138 3832 1169 3884 ct
1181 3825 1267 3885 dicos
1289 3845 1385 3886 vers:
1407 3827 1478 3887 Vox
1496 3827 1560 3888 Do·

285 3949 301 3979 «
319 3923 395 3986 mini
423 3943 517 4004 super
544 3943 651 4002 aquas
678 3923 766 3983 Deus
790 3922 962 4001 majestatis
987 3921 1134 3992 intonuit,
1162 3922 1320 3985 Dominus
1343 3944 1438 4004 super
1461 3945 1560 4005 aquas

285 4047 302 4080 «ι
318 4022 441 4093 multas,
467 4042 565 4102 usqne
588 4025 621 4082 in
638 4020 742 4100 finem
759 4021 890 4100 psalmi.
915 4021 992 4082 Post
1012 4023 1087 4082 naec
1102 4025 1209 4100 larrgis
1231 4043 1302 4084 enm
1318 4024 1355 4084 de
1384 4024 1412 4084 C
1411 4023 1560 4086 krismaie

286 4146 302 4176 e
318 4129 430 4202 sepiem
453 4120 673 4200 vicibuss'oris,
699 4121 784 4180 intus
807 4122 977 4199 quaternis.
1001 4121 1126 4180 Oratio:
1142 4119 1355 4200 Omnipotens
1370 4121 1560 4201 sempiterne

286 4221 415 4290 «Deus,
441 4219 495 4300 qui
519 4229 591 4280 ante
614 4238 718 4280 arcam
736 4217 871 4279 foederis
894 4229 951 4279 etc.
979 4229 1013 4279 ut
1038 4217 1069 4278 in
1095 4217 1217 4280 Ordine
1235 4220 1388 4281 Romano.
1414 4220 1465 4294 (ln
1489 4222 1557 4283 cod.

286 4343 302 4374 «
321 4318 467 4380 Remensi
493 4317 608 4398 legitur
632 4315 663 4376 in
689 4315 773 4378 hunc
797 4315 942 4378 modum:
968 4319 1013 4379 Ei
1037 4319 1115 4378 dz'cr's
1137 4319 1341 4398 antiphonam
1364 4340 1434 4380 curn
1461 4323 1561 4400 capite

287 4443 302 4472 «ι
320 4417 389 4478 Vox
416 4414 544 4478 Domini
568 4417 642 4494 etc.)
666 4452 706 4460 -
741 4416 826 4476 Tunc
834 4421 934 4494 pones
956 4419 1116 4476 incensum
1138 4419 1172 4476 in
1195 4437 1309 4477 acerna
1332 4416 1425 4497 (lege,
1450 4439 1560 4480 acerra

288 4515 352 4576 «id
385 4525 441 4584 est,
466 4513 643 4592 thuribulo)
667 4525 698 4575 et
720 4513 897 4593 myrrham3
921 4525 953 4576 et
977 4514 1068 4576 saciat
1083 4514 1218 4594 sumum
1242 4518 1327 4576 inlus
1346 4523 1376 4576 ct
1396 4522 1510 4582 extra:
1532 4526 1563 4579 el

287 4639 302 4666 «
318 4621 434 4676 conten·
458 4607 497 4700 l.
516 4611 682 4674 'Viderunt
705 4623 735 4674 te
759 4632 869 4693 aquae,
897 4613 993 4678 Deus,
1022 4612 1171 4674 viderunt
1194 4625 1224 4675 te
1247 4635 1362 4694 aquae,
1395 4636 1494 4694 usque
1519 4619 1564 4678 ad

287 4735 302 4766 «
312 4711 414 4790 finem
420 4713 550 4792 psalmi.
565 4711 777 4790 Omnipotens
788 4710 970 4772 dominator
986 4711 1121 4776 Christe.
1135 4712 1186 4773 cui
1199 4711 1283 4792 (lege
1295 4716 1368 4791 quo)
1384 4714 1559 4776 secundum

287 4809 542 4872 «assumtionem
567 4809 669 4871 carnis
693 4808 870 4870 dormiente
894 4808 926 4870 in
951 4809 1033 4880 navi,
1059 4821 1116 4871 etc.
1143 4809 1232 4870 utin
1257 4809 1379 4872 Ordine
1404 4813 1558 4875 Romano.

287 4935 303 4964 s
318 4909 368 4988 (ln
380 4909 450 4971 cod.
466 4907 625 4978 Remensi,
643 4907 688 4970 sic
705 4907 853 4970 habetur:
876 4908 961 4970 Tunc
977 4911 1114 4988 imponis
1130 4910 1303 4970 incensario
1314 4917 1345 4971 ei
1354 4911 1561 4990 tirynn'amata

288 5033 302 5060 ι
319 5015 350 5070 ei
369 5028 518 5088 myrram,
542 5013 573 5068 ei
594 5009 681 5092 crgis
711 5008 853 5078 cloccam,
877 5013 908 5068 ei
929 5009 1007 5070 dicis
1028 5009 1249 5088 antiphonam:
1278 5008 1366 5072 Deus
1396 5007 1428 5074 in
1451 5021 1560 5074 sancto

287 5131 303 5164 ι
319 5105 369 5172 via
392 5117 447 5172 tua
463 5104 536 5188 quis
553 5105 642 5172 Deus
662 5125 798 5186 magnus
821 5103 903 5168 sicut
920 5105 1009 5170 Deus
1032 5117 1147 5172 noster.
1173 5099 1213 5194 Ῡ.
1239 5106 1399 5172 Viderunt
1412 5117 1444 5170 te
1459 5129 1560 5191 aquae
