4084 6128
783 532 1010 585 PRAEFATIO
1440 555 1538 592 xxxm

259 641 460 650 *—
493 645 691 652 ——.——-..—
702 647 711 652 .
866 648 1047 659 -—.—....
1072 653 1112 660 ....,
1128 654 1151 660 .,.,
1169 654 1536 664 ...,...-...--.-.---

254 791 403 846 etcum
432 773 504 847 alio
534 801 629 849 saec.
662 777 765 861 XIV,
797 805 910 876 quem
945 803 1057 873 supra
1091 778 1343 851 memorabam
1379 781 1537 874 primum

255 901 396 972 editum
416 925 438 974 a
459 903 674 988 lluratorio,
697 921 854 1001 exurgat
876 905 1025 978 traditio
1043 904 1279 976 ambrosiana
1297 904 1422 1000 quoad
1441 905 1538 978 hunc

255 1025 375 1109 ritum,
406 1027 469 1122 qui
499 1027 594 1118 inter
614 1030 900 1126 ¹praerogativas
928 1029 1117 1102 Antistitis
1151 1030 1275 1114 nostri,
1307 1047 1344 1102 et
1372 1030 1538 1126 prolecto

256 1151 381 1248 magni
417 1153 604 1236 momenti,
637 1179 785 1250 semper
812 1172 869 1227 est
896 1154 1057 1232 habitus.

363 1277 458 1351 Cum
487 1278 619 1364 desint,
651 1296 692 1351 ut
721 1282 791 1353 iam
821 1281 944 1353 notavi
974 1279 1173 1376 plusquam
1209 1283 1405 1378 sexaginta
1437 1282 1534 1366 lolia,

253 1401 455 1475 dolendum
485 1403 677 1499 deperdita
706 1406 818 1478 luisse
847 1422 902 1478 tot
931 1407 1092 1500 pretiosa
1121 1406 1343 1480 documenta
1366 1407 1537 1505 liturgiae

255 1545 414 1611 nostrae,
444 1530 535 1625 quin
564 1528 637 1602 ulla
666 1547 766 1604 extet
794 1557 881 1626 spes
910 1532 1041 1605 eadem
1072 1532 1324 1628 recuperandi.

514 1863 584 1934 DE
616 1861 953 1935 PON'l‘lFlCALl
985 1863 1132 1934 SAEC.
1166 1863 1280 1935 ΙΧ-Χ

460 1987 593 2060 ΘΗΜ
626 1987 919 2060 ECCLESIAE
951 1987 1331 2062 ntOGUNTINAE.

364 2286 447 2358 Non
470 2284 594 2366 semel,
626 2286 824 2382 subsigno
854 2284 891 2368 C,
915 2283 1010 2356 hunc
1039 2283 1202 2356 codicem
1223 2285 1259 2354 in
1279 2283 1536 2357 collationibus

254 2412 411 2485 notabo:
441 2410 525 2484 licet
553 2412 647 2483 inter
675 2409 864 2506 liturgicos
887 2409 1032 2482 codices
1057 2408 1359 2482 Mediolanenses
1389 2412 1535 2506 proprie

252 2539 372 2610 dictos
391 2536 641 2609 recensendus
662 2535 811 2618 nonsit,
834 2535 1003 2632 quamvis
1032 2535 1068 2606 in
1089 2533 1222 2630 pluteis
1243 2533 1536 2631 metropolitanis

258 2680 433 2747 servetur,
465 2663 624 2736 eundem
653 2663 851 2758 praeterire
882 2686 955 2735 non
985 2661 1114 2744 ausim,
1137 2661 1224 2757 quia
1252 2660 1452 2756 peritorum
1481 2663 1538 2733 iu·
1647 2655 1649 2660 ’

257 2789 354 2861 dicio
382 2816 429 2861 ex
455 2789 699 2863 caracteribus
729 2813 823 2860 saec.
852 2788 965 2859 lli-X
984 2786 1282 2882 antiquissimum
1304 2813 1343 2860 se
1372 2787 1532 2862 exhibet.

260 2915 577 2994 blembranaceus,
610 2913 779 2986 foliorum
819 2937 904 3004 203,
936 2914 1075 2986 formae
1104 2914 1200 2986 merl.
1232 2911 1359 3016 (0‚2t5
1380 2931 1413 2996 ><
1430 2913 1534 3020 030)

258 3066 332 3113 una
360 3065 470 3113 manu
500 3039 618 3136 plenis
646 3038 752 3113 lineis
780 3057 837 3113 est
865 3056 1047 3122 exaratus
1073 3039 1187 3112 titulis
1206 3039 1394 3136 literisque
1423 3041 1535 3113 rubri-

257 3167 356 3250 catis,
379 3182 416 3238 et
435 3165 569 3248 multis,
591 3182 632 3237 ut
658 3165 795 3243 dicunt.
816 3164 984 3247 rubricis;
1007 3189 1080 3236 non
1101 3163 1215 3236 semel
1234 3183 1429 3238 occurrunt
1448 3191 1536 3238 neu·

258 3309 355 3364 mata
384 3291 545 3364 musicae
575 3309 615 3364 ut
644 3291 679 3362 in
712 3292 781 3364 ritu
816 3290 1058 3363 dedicationis
1091 3287 1267 3362 ecclesiae
1297 3290 1357 3364 sol.
1400 3313 1458 3382 13,
1497 3311 1535 3366 et

257 3418 394 3514 passim
424 3415 497 3489 soll.
531 3413 601 3507 38',
637 3413 707 3508 72'.

364 3541 550 3615 Ecclesiae
588 3542 835 3638 lloguntinae
870 3543 982 3615 luisse
1017 3557 1163 3616 constat
1197 3568 1242 3615 ex
1276 3542 1344 3614 ritu
1379 3542 1535 3616 Ordina-

256 3668 366 3741 tionis
403 3669 593 3764 Episcopi:
631 3669 678 3741 ibi
714 3668 828 3749 enim,
869 3669 905 3740 in
942 3667 1129 3751 examine,
1168 3666 1228 3740 sol.
1271 3662 1340 3756 92',
1381 3666 1533 3764 legitur:

263 3793 333 3863 «V
337 3794 366 3866 is
395 3811 543 3867 sanctae
575 3793 827 3890 llogontiensi
856 3792 1043 3871 ecclesiae.
1076 3792 1162 3864 milri
1196 3810 1234 3865 et
1261 3793 1535 3867 successoribus

263 3920 391 3992 «meis
419 3919 531 3992 fidem
560 3936 598 3992 et
625 3919 891 3992 subiectionem
921 3917 1116 3990 exhibere?
1144 3917 1292 3991 Volo.»
1333 3975 1337 3984 .

363 4045 419 4116 Ex
432 4044 683 4117 additionibus
700 4070 873 4118 manuum
896 4044 1173 4125 teutonicarum,
1197 4044 1219 4116 l.
1244 4065 1312 4137 152
1331 4071 1426 4119 saec.
1445 4045 1535 4118 Xll·

257 4171 364 4254 Xlll,
396 4171 418 4244 s.
456 4167 632 4260 199¹-202
665 4197 759 4244 saec.
793 4172 879 4253 Xll,
912 4171 934 4244 s.
969 4166 1065 4253 202‘‚
1097 4195 1192 4244 saec.
1231 4171 1344 4256 Xlll,
1381 4187 1536 4268 apparet

255 4297 374 4371 adhuc
402 4322 446 4370 ea
475 4313 696 4392 tempestate
716 4297 785 4369 hoc
807 4295 1018 4369 l'ontificale
1042 4313 1227 4368 servatum
1248 4296 1360 4370 luisse
1381 4297 1416 4370 in
1436 4315 1536 4370 tran-

256 4419 406 4516 salpinis
435 4420 668 4519 regionibus;
698 4420 888 4517 quomodo
917 4436 1040 4492 autem
1070 4421 1117 4494 ad
1156 4420 1368 4516 Capitulum
1399 4422 1535 4495 Metro·
1598 4473 1601 4482 ·

256 4547 458 4642 politanum
490 4546 772 4619 lllediolanense
801 4546 992 4618 devenerit
1023 4571 1096 4619 non
1125 4563 1288 4620 constat:
1326 4546 1536 4622 additiones

256 4699 325 4746 ma.
356 4697 451 4746 saec.
484 4673 667 4744 XIV-XV
697 4673 732 4745 in
755 4671 828 4745 soll.
860 4668 931 4755 81',
964 4677 1025 4754 82,
1059 4669 1120 4746 86’
1139 4691 1176 4746 et
1202 4697 1242 4744 12
1252 4695 1270 4764 3
1293 4673 1452 4746 innuunt
1471 4699 1537 4770 per

255 4823 299 4871 ea
318 4815 485 4894 tempora
514 4797 641 4870 iamin
673 4797 776 4870 ltalia
804 4799 968 4870 codicem
997 4817 1201 4884 servatum;
1233 4824 1299 4872 nec
1319 4817 1458 4874 temere
1480 4825 1535 4872 as-

255 4949 424 5008 sererem,
456 4925 577 5020 ipsum
605 4924 652 4996 ad
674 4922 875 4997 Ecclesiam
897 4943 1059 4999 nostram
1080 4925 1273 5022 pervenire
1302 4927 1467 5022 potuisse
1499 4927 1533 5000 in

254 5049 378 5146 aliquo
400 5052 666 5146 Imperatorum
696 5050 834 5130 itinere,
867 5050 967 5146 quod
998 5077 1071 5125 non
1102 5052 1181 5124 sine
1203 5051 1449 5148 praelatorum
1478 5078 1535 5126 co·
