4084 6128
587 1436 1154 1543 INTRODUCTIO

751 1671 1003 1680 —--——-—-—-—·

265 2227 270 2238 ,
347 2157 672 2231 Caeremoniarum
692 2157 873 2255 Magister
895 2157 1082 2230 Ecclesiae
1104 2157 1414 2254 Metropolitanae
1437 2158 1520 2230 Me-

238 2284 474 2368 diolanensiS,
508 2283 650 2356 Doctor
686 2285 834 2357 Marcus
865 2284 1100 2381 Magistretti,
1137 2283 1335 2357 recolendo
1370 2283 1520 2380 quinto-

238 2409 382 2482 decimo
410 2408 558 2482 saeculo
587 2408 711 2480 obitus
739 2407 778 2481 S.
806 2408 993 2481 Ambrosii
1028 2409 1184 2481 instituit
1213 2408 1414 2481 editionem
1438 2409 1519 2481 Mo-

240 2552 499 2608 numentorum
518 2535 695 2607 Veterum
718 2535 906 2632 Liturgiae
926 2535 1207 2620 Ambrosianae,
1226 2536 1361 2632 inqua,
1379 2535 1519 2608 omisso

238 2661 394 2732 annali
417 2660 464 2733 ab
493 2659 565 2732 alio
584 2677 864 2757 praeoccupato
886 2660 1014 2758 vulgat
1036 2687 1083 2733 ex
1102 2687 1189 2735 mss.
1217 2661 1404 2734 codicibus
1428 2661 1519 2734 Pon-

236 2785 370 2880 tificale
392 2802 430 2858 et
457 2786 647 2868 risnnnale,
674 2785 776 2883 quod
802 2786 926 2860 Horas
956 2786 1175 2871 Canonicas,
1207 2785 1519 2884 Antiphonarium

237 2928 276 2984 et
297 2928 442 2985 caetera
457 2911 569 2985 Sacra
584 2913 758 2998 continet,
780 2929 818 2986 et
836 2913 957 2984 Nelos
976 2912 1079 2985 addit
1104 2938 1201 3009 quae
1224 2912 1519 2984 convenientiam

239 3036 509 3110 Ambrosianae
537 3063 621 3110 cum
649 3037 881 3111 documentis
912 3039 1104 3111 Romanae
1136 3038 1325 3134 Liturgiae
1346 3036 1518 3111 indicant.

348 3163 422 3236 Ista
450 3163 612 3236 editione
641 3179 764 3236 textus
795 3164 983 3261 Liturgiae
1012 3164 1284 3238 Ambrosianae
1303 3189 1326 3237 a
1344 3188 1440 3236 saec.
1464 3163 1520 3236 IX

239 3287 288 3361 ad
318 3287 391 3359 XV
414 3289 750 3384 repraesentabitur
774 3315 820 3362 ex
839 3289 1071 3364 documentis
1090 3287 1320 3374 authenticis
1341 3313 1423 3361 cum
1445 3314 1522 3360 mu·

240 3415 442 3490 tationibus
463 3431 501 3488 et
519 3415 770 3490 additionibus
790 3417 1017 3514 pedetentim
1045 3416 1158 3500 sactis
1181 3432 1283 3489 etex
1312 3416 1409 3489 notis
1428 3417 1521 3489 ratio

240 3540 512 3614 Ambrosianae
547 3541 595 3614 ad
631 3541 838 3615 Romanam
870 3542 1073 3638 apparebit,
1105 3559 1143 3616 et
1166 3542 1367 3640 antiquitas
1386 3568 1520 3615 usuum

239 3669 582 3742 Ambrosianorum.

351 3793 484 3878 Nemo,
506 3794 569 3890 qui
600 3819 658 3866 res
686 3793 875 3890 liturgicas
904 3792 1000 3864 serio
1028 3793 1247 3878 tractaverit,
1269 3792 1426 3865 libenter
1445 3816 1520 3864 non

241 3918 511 4017 amplexabitur
538 3917 631 3992 hanc
651 3919 699 3992 ad
727 3919 873 3992 codices
901 3935 1067 3991 exactam
1097 3918 1298 3992 editionem
1320 3918 1520 4014 Liturgiae,

241 4071 388 4145 quaea
424 4046 545 4119 Roma
580 4045 706 4142 primis
734 4043 890 4118 saeculis
919 4061 1080 4142 accepta,
1111 4061 1149 4118 et
1179 4046 1216 4117 in
1251 4044 1328 4117 suis
1356 4043 1522 4140 partibus

242 4171 448 4269 praecipuis
473 4171 544 4243 iam
576 4186 662 4243 ante
692 4170 962 4267 Gregorianam
991 4168 1141 4242 firmiter
1168 4169 1377 4254 constituta,
1408 4167 1522 4240 conti·

243 4297 369 4371 nuavit
396 4312 435 4369 et
462 4296 653 4369 continuat
681 4296 717 4368 in
747 4323 815 4369 usu
845 4294 1004 4392 publicO,
1038 4295 1159 4368 Roma
1187 4294 1349 4380 savente,
1388 4294 1418 4366 si
1447 4319 1524 4365 mu·

242 4425 401 4499 tationes
429 4447 634 4520 perpaucas
663 4439 700 4496 et
727 4422 937 4496 additiones
960 4421 1196 4495 secundarias
1224 4421 1396 4517 excipias,
1426 4444 1523 4516 quae

242 4577 288 4623 ex
307 4550 469 4623 editione
497 4549 773 4646 dignoscentur,
798 4563 836 4620 et
854 4573 900 4621 ex
929 4549 1009 4645 ipsa
1039 4539 1146 4621 Ritus
1175 4546 1298 4620 indole
1326 4545 1523 4643 praecipue

241 4701 265 4748 a
294 4675 472 4748 Romanis
501 4690 683 4771 sumptae,
714 4673 879 4771 genuina
906 4675 1063 4748 accretio
1090 4690 1178 4746 sunt
1205 4671 1425 4756 censendae,
1448 4695 1522 4743 non

244 4799 409 4872 mutatio.
433 4800 513 4871 Nec
533 4798 819 4872 Ambrosianam
837 4798 1041 4896 Liturgiam
1061 4823 1144 4872 esse
1163 4821 1294 4894 reapse
1315 4797 1523 4869 Romanam

245 4926 377 4998 mirum
395 4925 550 5010 videtur,
577 4923 664 4997 mihi
684 4923 826 4998 saltem.
860 4924 964 4997 Haec
983 4925 1081 4996 enim
1110 4923 1223 5020 longe
1251 4921 1396 5006 aelate,
1420 4919 1526 4994 aliter

244 5077 286 5125 ac
305 5052 474 5136 creditur,
497 5051 526 5124 si
551 5049 641 5147 quid
667 5051 809 5147 opinor,
835 5050 961 5146 primis
986 5047 1141 5123 saeculis
1161 5049 1198 5122 in
1218 5065 1296 5123 toto
1320 5046 1524 5120 Occidente

1462 5273 1474 5314 b
