4084 6128
519 473 550 520 18
915 469 1060 523 PONTIF
1063 468 1181 522 ICALE
1205 468 1316 522 SAEC.
1345 469 1397 522 IX.

519 584 778 596 ---.-.-

625 718 685 807 38.
722 715 972 814 Omnipotens
1006 717 1230 815 sempiterne
1266 717 1390 805 Deus,
1428 720 1492 817 qui
1528 737 1614 795 ante
1650 723 1800 798 archam

517 839 676 914 foederis
704 867 771 938 per
805 841 1018 941 clangorem
1059 843 1229 918 tubarum
1268 869 1393 919 muros
1431 843 1617 944 lapideos,
1662 850 1800 947 quibus

516 967 789 1042 adversantium
831 969 1050 1066 cingebatur
1089 970 1281 1057 exercitus,
1306 969 1438 1045 cadere
1480 971 1616 1060 lecisti;
1646 989 1685 1048 tu
1729 974 1800 1050 hoc

516 1093 738 1169 tinnibulum
766 1095 914 1170 caelesti
942 1095 1201 1170 benedictione
1229 1095 1430 1194 perfunde:
1455 1115 1496 1172 ut
1523 1114 1610 1174 ante
1634 1101 1799 1175 sonitum

473 1250 488 1302 s
517 1221 597 1294 eius
641 1219 789 1319 longius
830 1221 1041 1320 effugentur
1081 1221 1199 1320 ignita
1244 1221 1362 1296 iacula
1403 1222 1563 1310 inimici,
1608 1228 1800 1322 percussio

518 1345 720 1432 fulminum,
753 1347 913 1444 impetus
940 1347 1114 1445 lapidum,
1145 1346 1260 1422 laesio
1293 1364 1572 1446 tempestatum
1602 1367 1644 1424 ut
1670 1353 1719 1426 ad
1749 1354 1801 1427 in-

470 1551 476 1563 ,
518 1473 807 1572 terrogationem
840 1473 1112 1571 propheticam:
1149 1472 1251 1567 Quid
1284 1491 1342 1548 est
1374 1500 1475 1549 mare
1511 1475 1615 1572 quod
1649 1477 1801 1576 fugisti?

519 1599 595 1674 suis
624 1601 812 1676 montibus
839 1627 922 1674 curn
937 1600 1130 1698 jordanica
1148 1615 1246 1674 retro
1263 1615 1347 1674 acta
1365 1601 1505 1676 fluenta
1524 1604 1796 1700 respondeant:

520 1729 556 1801 A
585 1727 676 1801 lacie
706 1727 859 1801 Domini
900 1743 1002 1802 mota
1042 1741 1136 1801 est...
1168 1743 1286 1816 terra,
1306 1754 1329 1801 a
1363 1727 1455 1802 lacie
1485 1726 1558 1802 Dei
1578 1728 1703 1824 Jacob,
1734 1731 1799 1828 qui

459 1887 492 1924 ιο
520 1854 699 1928 convertit
735 1851 891 1928 solidam
928 1869 1070 1950 petram
1100 1854 1142 1927 in
1171 1869 1346 1952 stagnum
1375 1878 1506 1950 aquae,
1537 1871 1576 1927 et
1603 1880 1733 1952 rupem
1762 1857 1800 1930 in

521 1981 643 2055 fontes
671 2005 862 2078 aquarum.
894 1981 982 2054 Non
1010 2005 1102 2078 ergo
1131 1979 1248 2065 nobiS,
1282 1979 1455 2064 Domine,
1487 2003 1561 2052 non
1592 1979 1710 2067 nobis,
1733 1981 1801 2054 sed

523 2107 662 2184 nomini
690 2123 755 2181 tuo
783 2106 832 2182 da
858 2105 1025 2205 gloriam,
1057 2131 1169 2203 super
1196 2105 1483 2180 misericordiam
1506 2121 1627 2179 tuam:
1657 2122 1699 2179 ut
1717 2132 1802 2180 cum

522 2259 700 2332 praesens
726 2232 926 2319 vasculum,
949 2233 1042 2308 sicut
1060 2232 1201 2331 reliqua
1219 2232 1343 2308 altaris
1360 2258 1460 2319 vasa,
1482 2256 1587 2306 sacro
1606 2231 1803 2310 chrismate

523 2360 696 2461 tangitur,
714 2359 937 2458 quicumque
956 2358 1004 2432 ad
1023 2359 1184 2433 sonitum
1200 2359 1280 2433 eius
1299 2358 1548 2444 convenerint,
1566 2357 1614 2431 ab
1628 2359 1803 2435 omnibus

464 2515 495 2564 15
524 2489 658 2562 inimici
686 2485 990 2584 temptationibus
1017 2484 1132 2572 liberi,
1162 2511 1310 2581 semper
1337 2486 1423 2559 fidei
1448 2482 1653 2560 catholicae
1688 2485 1805 2561 docu-

524 2630 649 2690 menta
676 2628 871 2698 sectentur,
902 2638 979 2710 per.

632 2763 693 2832 39.
721 2739 758 2812 T
752 2763 822 2812 nnc
847 2740 1001 2838 imponis
1027 2740 1227 2813 marmari)
1244 2742 1365 2836 agnem
1384 2751 1419 2814 et
1434 2742 1638 2818 limiamaia
1656 2753 1691 2817 et
1717 2745 1806 2817 mir·

523 2876 672 2953 ramat
696 2867 812 2962 erigis
838 2866 967 2938 clocam
993 2875 1105 2963 snper
1131 2867 1383 2952 incensarium,
1414 2877 1457 2941 nt
1482 2878 1593 2943 latrem
1620 2871 1726 2944 illum
1736 2870 1806 2966 sn·

523 3019 622 3067 ntum
650 2994 805 3089 colligat,
835 3003 870 3066 ei
895 2993 985 3067 dicit
1008 2996 1262 3092 antiphonam:

464 3147 497 3184 20
634 3120 740 3194 Deus
768 3121 804 3192 in
823 3135 951 3195 sancto
978 3122 1038 3196 via
1056 3137 1129 3208 tua,
1151 3122 1234 3220 quis
1265 3124 1371 3198 Deus
1399 3149 1558 3222 magnus
1581 3123 1675 3198 sicut
1696 3124 1803 3198 Deus

525 3262 661 3322 noster.
710 3247 809 3320 Vers.
840 3246 1022 3322 Viderunt
1058 3263 1095 3323 te
1122 3272 1253 3346 aquae,
1290 3249 1413 3338 Deus;
1452 3274 1563 3348 usqne
1604 3249 1659 3322 aa'
1683 3249 1803 3345 finem

516 3371 696 3470 psalmus.

666 3724 693 3773 3.
704 3706 931 3760 adversantium:
943 3705 1154 3760 adversantium
1164 3704 1225 3759 tibi.
1241 3705 1273 3760 ll.
1285 3735 1320 3744 -
1329 3721 1356 3771 4.
1367 3703 1553 3760 tinnibulum:
1568 3704 1802 3761 tintinnabulum.

597 3791 629 3842 B.
644 3791 677 3842 C.
698 3819 733 3828 —
752 3803 778 3852 5.
792 3787 967 3854 effugentur:
983 3787 1155 3855 effugantur.
1170 3789 1203 3841 C.
1219 3815 1253 3828 -
1268 3801 1293 3852 7.
1309 3803 1400 3840 mare:
1414 3786 1465 3840 tibi
1482 3803 1571 3841 mare.
1586 3789 1619 3842 C.
1634 3817 1669 3826 —
1682 3804 1708 3854 9.
1723 3803 1805 3842 mon-

595 3870 684 3923 tibus:
715 3869 850 3924 motibus.
883 3870 914 3924 B.
944 3870 977 3922 C.
1007 3899 1042 3908 -
1064 3884 1130 3922 cum
1156 3867 1335 3938 Jordinica...
1366 3867 1487 3922 fluenta:
1516 3884 1581 3921 cum
1609 3867 1802 3938 Jordanicis...

596 3949 718 4004 fluentis.
741 3951 772 4004 B.
793 3979 827 3993 -
841 3967 867 4017 9.
888 3958 981 4004 mota:
1002 3958 1155 4004 commota.
1176 3951 1209 4003 C.
1230 3951 1347 4016 -posi
1362 3957 1406 4002 est
1424 3964 1540 4003 rasura.
1555 3979 1589 3992 -
1605 3965 1648 4004 ιο.
1665 3947 1801 4003 solidam:

595 4048 652 4086 am.
674 4033 706 4085 B.
727 4061 762 4070 -
779 4046 886 4098 aquae:
907 4047 1056 4098 aquarum.
1087 4031 1119 4085 B.
1141 4046 1238 4083 -11.
1261 4031 1327 4084 Non
1355 4045 1425 4096 ergo
1447 4029 1547 4093 nobis,
1578 4030 1713 4092 Domine,
1745 4045 1804 4083 non

595 4111 692 4166 nobis:
715 4112 781 4165 Non
799 4127 879 4178 ergo,
896 4111 1029 4174 Domine,
1044 4111 1137 4164 nobis.
1159 4112 1191 4165 B.
1212 4139 1246 4153 -
1267 4127 1310 4165 12.
1331 4109 1556 4164 misericordiam
1580 4120 1673 4164 tuam:
1695 4109 1804 4164 miseri-

596 4192 692 4246 cordia
710 4202 768 4246 tua.
791 4194 829 4256 B;
849 4191 1043 4247 misericordia
1064 4201 1113 4246 tua
1130 4199 1160 4245 et
1178 4190 1296 4245 veritate
1318 4199 1377 4246 tua.
1397 4192 1431 4245 C.
1447 4221 1481 4234 -
1500 4200 1531 4245 ut
1548 4207 1631 4246 cum:
1659 4199 1700 4246 ut.
1721 4193 1754 4245 C.
1770 4219 1804 4232 -

598 4289 640 4338 14.
652 4273 790 4340 tangitur:
806 4273 814 4326 i
827 4273 993 4340 efformatus
1002 4290 1041 4326 ex
1052 4289 1156 4326 rasura
1168 4273 1292 4326 duarum
1304 4272 1466 4334 lilerarum,
1475 4271 1560 4340 forle
1567 4287 1616 4326 on.
1628 4289 1654 4327 1.
1666 4289 1723 4326 ma.
1731 4289 1742 4332 ,·
1751 4271 1811 4325 BC

595 4355 677 4408 adri:
695 4354 760 4407 oleo
778 4363 876 4407 sancto
895 4353 1040 4420 unguitur.
1056 4383 1090 4396 -
1105 4367 1147 4417 17.
1173 4353 1284 4407 Tunc...
1294 4353 1441 4421 psalmus:
1465 4353 1542 4406 Tunc
1561 4353 1692 4420 imponas
1707 4353 1804 4420 ignem
1873 4345 1875 4348 ’

596 4435 626 4488 in
645 4433 814 4496 incensario,
832 4438 861 4488 et
878 4435 1036 4496 thimiama,
1049 4437 1078 4488 et
1087 4435 1152 4487 ihus
1163 4436 1193 4488 et
1208 4433 1342 4496 mirram,
1354 4435 1384 4487 ci
1393 4433 1489 4501 eriges
1501 4436 1637 4488 coccaam
1655 4439 1742 4501 snper
1760 4433 1804 4486 in·

595 4515 755 4569 censorium
779 4518 812 4569 nl
827 4519 916 4569 totum
934 4515 1014 4569 illins
1032 4515 1175 4569 incensum
1198 4513 1333 4582 colligam·
1350 4516 1380 4568 el
1405 4513 1480 4568 dicas
1506 4516 1580 4568 hanc
1604 4513 1804 4582 antiphonam:

597 4595 737 4649 Viderunt
756 4605 784 4650 te
812 4613 914 4663 aquae,
937 4597 1026 4650 Deus.
1050 4589 1084 4672 §t
1114 4597 1194 4660 Deus
1212 4594 1241 4648 in
1260 4603 1376 4650 sancto:
1406 4594 1542 4663 usquein
1565 4595 1658 4662 finem
1680 4593 1801 4663 psalmi.

596 4677 731 4743 Sequitur
749 4677 852 4732 oralia.
873 4677 912 4731 B.

571 4985 622 5056 38.
648 4976 743 5040 Gerb.
770 4982 821 5054 63,
848 4977 942 5042 Mart.
967 4975 1044 5038 Ord.
1072 4978 1096 5050 Ι,
1123 4979 1180 5040 ΙΙΙ.

571 5095 621 5154 39.
648 5075 743 5137 Gerb.
770 5080 821 5153 63,
847 5076 939 5138 Mart.
965 5075 1045 5140 Ord.
1072 5076 1094 5149 I,
1120 5077 1177 5140 III.
