4084 6128
541 489 692 542 ORATIO
713 488 769 542 AD
789 487 993 541 CLERICUM
1020 485 1259 540 Factssn'ut‘lt

370 761 405 828 4.
444 735 545 809 Tunc
571 735 692 808 londes
719 762 809 818 cunr,
840 736 1074 832 anlrplronam
1103 736 1210 806 isram
1239 731 1403 809 dz'cendo:

369 863 427 936 Tu
448 889 499 946 eS,
524 862 696 948 Domine,
718 861 780 959 qui
802 861 972 934 restitues
1002 860 1089 932 milri
1119 856 1385 933 haereditatem
1406 880 1538 938 meam,

259 1015 338 1062 cum
366 1015 496 1062 versu:
520 987 705 1061 Dominus
728 1012 813 1083 pars
840 985 1078 1060 haereditatis
1107 1011 1212 1059 meae
1241 1001 1278 1056 et
1306 981 1426 1056 calicis
1455 981 1538 1054 mei.

367 1115 457 1188 llem
479 1115 576 1187 alia:
601 1113 706 1186 llaec
734 1129 791 1186 est
818 1113 1010 1210 generatio
1034 1111 1290 1209 quaerentium
1323 1107 1537 1192 Dominum,

259 1241 515 1340 quaerentium
559 1239 687 1312 saciem
725 1238 797 1310 Dei
835 1238 959 1333 Jacob,
996 1263 1076 1311 cum
1104 1263 1234 1316 versu:
1278 1235 1350 1308 llic
1387 1233 1541 1329 accipiet
1586 1271 1601 1322 5

259 1366 554 1440 benedictionem
584 1389 607 1438 a
636 1363 810 1448 Domine,
841 1378 880 1436 et
912 1363 1196 1437 misericordiam
1225 1388 1247 1436 a
1278 1361 1362 1434 Deo
1391 1357 1539 1432 salutari

259 1516 339 1578 suo,
369 1517 449 1564 cum
478 1490 616 1564 Gloria.

370 1638 402 1709 5.
438 1617 613 1713 Sequitur
644 1616 783 1692 oralrit:

367 1742 532 1822 Praesta,
576 1766 820 1839 quaesumus
866 1740 1102 1836 omnipotens
1133 1741 1252 1826 Deus,
1284 1739 1367 1813 huic
1401 1736 1538 1811 santulo

258 1886 325 1942 tuo
363 1871 409 1942 N.
447 1870 510 1967 qui
539 1867 650 1942 hodie
692 1867 821 1964 capitis
850 1868 904 1940 sui
948 1892 1091 1942 comam
1121 1893 1187 1963 pro
1214 1867 1285 1939 Dei
1314 1890 1440 1940 amore
1478 1865 1539 1938 de·

259 1996 392 2090 posuit,
423 2013 464 2068 ut
496 1996 532 2067 in
566 2013 629 2068 tua
670 1991 865 2067 dilectione
908 2010 1133 2092 permaneat,
1164 2010 1202 2066 et
1229 2018 1313 2066 eum
1349 1993 1427 2065 sine
1465 2017 1538 2064 ma-

258 2118 341 2194 cula
369 2121 403 2193 in
432 2121 697 2217 sempiternum
725 2120 922 2206 custodias,
953 2145 1029 2216 per.

407 2419 448 2456 10.
468 2419 595 2458 comam:
616 2420 694 2460 [ΟΠ.
714 2421 754 2458 ω’
773 2419 925 2458 cominatu.

262 2657 387 2722 schedis
410 2660 471 2722 mei
495 2661 745 2740 praedecessoris
769 2663 860 2723 Doct.
886 2661 992 2722 Caroli
1022 2659 1201 2732 Brambilla,
1226 2661 1430 2723 eruditissimi
1457 2662 1538 2724 inter

260 2757 478 2820 ambrosianae
502 2759 650 2840 liturgiae
674 2759 827 2823 cultores:
852 2760 892 2821 de
916 2760 966 2822 his
990 2759 1139 2823 omnibus
1169 2771 1274 2820 tamen
1299 2759 1360 2821 iam
1390 2759 1538 2822 disseruit

263 2867 383 2934 praeter
400 2856 546 2920 Puricelli
570 2869 602 2920 et
625 2857 757 2930 Giulini,
783 2858 803 2920 l.
829 2881 865 2930 c..
892 2861 1087 2939 Fumagalli,
1105 2857 1268 2919 Anlr'chitd
1291 2860 1538 2938 Langobardico

260 2955 416 3016 Milanesi
428 2959 463 3034 (t.
490 2956 547 3028 111,
572 2977 602 3037 p.
631 2962 691 3035 265
717 2968 748 3018 et
771 2955 850 3042 seq.)
876 2956 948 3019 licet
964 2969 1069 3020 mente
1086 2977 1148 3018 non
1167 2977 1292 3036 semper
1311 2977 1421 3037 aequa.
1439 2991 1482 3004 -··
1502 2959 1537 3019 ln

260 3054 398 3132 quodam
417 3054 558 3116 llanuali
575 3056 778 3118 ambrosiano
802 3055 924 3128 mutilo,
943 3077 1023 3118 saec.
1041 3056 1098 3126 XI,
1117 3054 1203 3126 olim,
1222 3068 1257 3118 ut
1277 3066 1364 3135 puto,
1389 3055 1538 3118 ecclcsiae

261 3151 293 3212 S.
320 3152 402 3214 Petri
425 3153 466 3214 de
502 3153 640 3226 Clivate,
665 3153 781 3216 deinde
817 3153 963 3216 basilicae
986 3153 1213 3225 ambrosianae,
1240 3166 1275 3216 ut
1299 3153 1366 3233 ipsa
1399 3154 1537 3216 ostendit

262 3249 426 3313 indicatio:
457 3253 558 3313 Laber
578 3256 797 3315 canonicorum
831 3256 934 3314 sancti
953 3254 1119 3315 Ambrosii
1146 3273 1228 3331 quae
1257 3252 1288 3313 in
1317 3251 1428 3331 primis¹
1455 3252 1538 3314 soliis

261 3369 320 3410 ma.
337 3369 417 3412 saec.
435 3350 599 3412 XIV-XV
618 3351 743 3432 legitur,
763 3373 846 3414 nunc
865 3350 1079 3413 Bibliothecae
1095 3350 1304 3412 Solesmensis
1317 3352 1386 3412 RR.
1402 3352 1461 3412 PP.
1480 3352 1538 3412 Or-

260 3447 344 3508 dinis
359 3447 392 3509 S.
413 3449 584 3522 Benedicti,
611 3449 643 3511 in
659 3451 753 3520 calce,
772 3449 803 3511 in
821 3449 904 3511 soliis
920 3449 1095 3521 adscititiis,
1121 3448 1271 3528 leguntur
1294 3459 1357 3510 tres
1379 3448 1538 3510 orationes

260 3547 304 3606 ad
323 3550 467 3608 clericum
474 3548 671 3628 faciendum,
687 3549 825 3610 secunda
838 3569 933 3609 manu
950 3559 1105 3610 exaratas:
1124 3567 1199 3608 nunt
1217 3547 1332 3609 suerint
1349 3547 1434 3627 ipsae
1450 3547 1539 3608 adhi-

262 3643 343 3706 bitae
365 3667 384 3706 a
406 3646 587 3727 praeposito
611 3659 727 3717 nostro,
754 3646 812 3727 ipsi
834 3647 977 3727 judicent
1001 3648 1071 3708 RR.
1099 3648 1214 3708 Patres

305 3762 334 3821 4.
359 3744 438 3806 Ord.
463 3748 557 3808 Rom.
583 3766 634 3824 95,
661 3749 744 3808 Men.
773 3766 844 3823 213,
870 3747 952 3806 Mur.
982 3751 1052 3822 183,
1070 3745 1164 3806 Gerb.
1192 3744 1214 3813 l,
1243 3749 1313 3821 256,
1341 3745 1381 3814 ΙΙ,
1408 3765 1458 3822 45,
1485 3767 1535 3826 94.

306 3861 334 3921 5.
359 3843 437 3906 Ord.
464 3847 556 3908 Rom.
584 3865 634 3925 95,
661 3847 744 3907 Men.
773 3865 844 3922 213,
875 3845 956 3906 lllur.
987 3849 1056 3921 183,
1082 3843 1176 3905 Gerb.
1204 3843 1226 3910 l,
1254 3861 1325 3922 257,
1353 3843 1392 3914 ll,
1418 3863 1469 3921 94.
