4078 6126
503 475 536 527 92
900 459 1167 518 PONTIFICALE
1192 457 1302 514 SAEC.
1331 458 1382 512 IX.

501 707 601 796 scilii,
623 709 834 797 industriae,
859 735 1048 796 censurae,
1071 709 1261 796 efficatiae,
1283 707 1516 806 disciplinae;
1548 710 1598 784 ita
1625 724 1673 796 te,
1705 709 1780 781 Do-

501 835 610 922 mine,
631 835 826 924 tribuente,
849 851 890 909 ut
912 836 949 910 in
968 835 1142 910 omnibus
1170 834 1355 909 mandatis
1378 835 1461 922 tuis,
1484 836 1564 910 sine
1587 833 1780 932 reprehen-

500 960 605 1034 sione
629 961 692 1034 tibi
713 961 853 1036 mundo
881 961 992 1036 corde
1010 960 1237 1048 deserviens,
1259 951 1307 1035 ad
1326 960 1492 1035 bravium
1513 985 1698 1057 supernae
1719 985 1783 1034 vo·

499 1085 664 1172 cationis,
687 1085 927 1184 multiplicato
947 1086 1084 1170 senore,
1106 1111 1189 1159 cum
1209 1085 1413 1160 centesimo
1433 1085 1549 1159 fructu
1570 1109 1780 1182 coronaque

454 1240 470 1292 s
500 1211 659 1286 iustitiae
687 1211 735 1284 ad
762 1211 976 1287 caelestium
1005 1211 1262 1286 thesaurorum
1290 1211 1466 1286 donativa
1494 1211 1695 1309 perveniat.

606 1337 821 1412 Praestante
838 1338 1003 1412 Domino
1019 1353 1145 1411 nostro
1167 1336 1275 1411 lhesu
1293 1336 1442 1411 Christo
1458 1336 1551 1411 Filio
1566 1353 1642 1424 tu0‚
1660 1353 1779 1412 tecum

498 1461 644 1536 vivente
676 1478 789 1560 atque
817 1478 999 1562 regnante
1030 1463 1114 1536 Deo
1143 1463 1180 1536 in
1209 1462 1349 1536 unitate
1384 1463 1543 1559 Spiritus
1571 1463 1688 1537 sancti
1716 1489 1781 1559 per

497 1587 623 1662 omnia
651 1586 798 1663 saecula
825 1587 1067 1663 saeculorum.
1098 1589 1229 1661 Amen.

609 1733 643 1804 7.
660 1713 772 1786 Alia:
793 1713 909 1798 DeuS,
926 1713 983 1786 cui
1003 1713 1124 1787 omnis
1143 1728 1310 1809 potestas
1329 1730 1368 1788 et
1384 1713 1548 1813 dignitas
1568 1713 1778 1788 famulatur:

438 1877 470 1914 10
497 1838 546 1912 da
575 1836 712 1912 famulo
736 1855 800 1912 tuo
829 1837 876 1912 illi
905 1864 1123 1936 prosperum
1144 1864 1234 1912 suae
1253 1839 1417 1936 dignatis
1445 1839 1628 1926 effectum,
1652 1840 1780 1936 inqua

497 1988 645 2060 semper
672 1980 709 2039 te
737 1964 874 2050 timeat,
905 1964 1047 2061 tibique
1077 1964 1211 2062 iugiter
1238 1963 1383 2062 placere
1411 1965 1622 2051 contendat,
1654 1991 1730 2062 per.

607 2091 641 2162 8.
672 2089 785 2162 Alia:
805 2088 984 2164 Omnium
1007 2089 1179 2172 Domine,
1203 2089 1285 2162 sons
1308 2089 1502 2178 bonorum,
1525 2090 1778 2188 iustorumque

496 2228 703 2310 provectus
734 2213 853 2288 tribue
881 2239 1109 2312 quaesumus
1132 2213 1180 2287 illi
1201 2215 1374 2311 adeptam
1395 2215 1492 2290 bene
1512 2241 1643 2314 regere
1662 2217 1781 2314 digni·

496 2353 621 2424 tatem,
638 2353 712 2411 eta
731 2353 768 2411 te
787 2338 855 2412 sibi
872 2339 1085 2436 praestitam
1106 2340 1213 2414 bonis
1232 2340 1408 2436 operibus
1426 2340 1679 2437 comprobare,
1701 2367 1776 2438 per.

437 2499 467 2548 15
609 2463 844 2536 Consecratur
871 2465 1027 2562 accipias
1045 2463 1210 2536 baculum
1239 2464 1283 2536 de
1310 2491 1421 2536 manu
1441 2465 1603 2562 episcopi,
1629 2474 1664 2538 et
1685 2466 1782 2538 dicul

496 2590 531 2662 ei
554 2589 739 2687 epzkcopus
766 2589 852 2662 haec
879 2589 1008 2663 verba:

605 2738 640 2804 9.
661 2715 800 2810 Accipe
819 2713 991 2789 baculum
1012 2717 1207 2813 pastoralis
1225 2714 1346 2800 officii,
1370 2731 1410 2788 ut
1424 2717 1475 2789 sis
1495 2717 1531 2791 in
1550 2717 1779 2814 corrigendis

496 2838 593 2912 vitiis
612 2840 791 2926 saeviens
808 2855 848 2914 et
865 2866 948 2914 cum
970 2842 1082 2916 iratus
1103 2841 1224 2928 sueriS,
1243 2841 1514 2918 misericordiae
1534 2868 1676 2916 memor
1694 2843 1776 2917 eris.

640 3125 682 3165 11.
702 3119 744 3166 te:
765 3112 855 3180 suppl.
875 3117 937 3181 sup.
958 3109 1010 3166 lin.
1030 3125 1087 3164 ma.
1107 3109 1200 3164 dubia.

542 3359 572 3419 7.
596 3341 675 3404 Ord.
702 3344 794 3406 Rom.
824 3351 897 3422 158,
919 3346 1004 3407 Men.
1032 3352 1105 3416 228,
1130 3345 1222 3407 Mart.
1248 3346 1327 3408 Ord.
1353 3347 1364 3407 I
1389 3350 1491 3426 (4²²)·

542 3447 570 3500 8.
596 3440 674 3503 Ord.
701 3441 793 3506 Rom.
824 3449 893 3520 158,
920 3445 1005 3508 Men.
1032 3451 1105 3514 228,
1132 3445 1224 3505 Mart.
1250 3444 1329 3507 Ord.
1356 3446 1367 3506 I
1393 3451 1495 3526 (422).
1771 3535 1773 3540 Ι

541 3559 569 3613 9.
597 3539 678 3601 Mur.
704 3561 778 3618 450,
805 3541 897 3603 Mart.
923 3541 1001 3603 Ord.
1029 3543 1040 3602 Ι
1065 3545 1166 3620 (412),
1191 3544 1290 3620 (Men.
1318 3563 1391 3621 511,
1417 3544 1449 3604 in
1474 3555 1549 3605 nota
1573 3549 1662 3625 758).
