4078 6126
864 478 1131 533 PONTIFICALE
1156 477 1266 531 SAEC.
1295 477 1346 530 IX.

574 751 608 816 9.
639 725 752 822 lnsno
781 727 970 800 actionem:
1001 727 1109 799 Hanc
1138 726 1250 822 igitur
1285 701 1447 798 oblatam
1477 725 1556 822 (sici
1587 723 1746 798 famulae

467 868 552 924 tuae
573 848 619 922 ill.
642 875 754 946 quam
774 850 837 922 tibi
863 849 1052 923 offerimus
1081 850 1129 922 ob
1158 849 1256 921 diem
1287 848 1417 922 natalis
1437 849 1527 934 eius
1559 875 1635 945 quo
1663 874 1745 923 earn

467 1001 570 1049 sacro
590 973 772 1048 velamine
792 992 988 1072 protegere
1017 975 1192 1073 dignatus
1221 1000 1273 1059 (τε,
1305 999 1542 1070 quaesumus
1571 975 1744 1054 Domine.

466 1119 507 1175 ut
535 1101 700 1198 placatus
728 1101 903 1197 accipias;
934 1127 1001 1198 pro
1028 1127 1103 1198 qua
1128 1099 1309 1174 maiestati
1340 1117 1425 1173 tuae
1454 1099 1640 1197 supplices
1670 1099 1749 1173 iun-

423 1229 588 1300 sdimus
630 1253 775 1324 preces:
807 1227 911 1299 utin
956 1252 1109 1300 numero
1152 1251 1277 1300 earum
1321 1235 1530 1299 sanctarum
1563 1227 1747 1324 virginum

467 1372 567 1427 trans
592 1351 674 1454 (sio)
700 1352 903 1450 praecipias
932 1369 972 1425 ut
1000 1352 1064 1424 tibi
1090 1353 1240 1449 Sponso
1262 1352 1434 1437 venienti,
1465 1378 1549 1425 cum
1577 1351 1748 1450 lampade

468 1505 536 1552 suo
567 1477 834 1576 inextinguibili
866 1479 985 1574 possit
1013 1505 1216 1562 occurrere,
1250 1495 1366 1575 atque
1397 1478 1491 1551 intra
1519 1504 1636 1576 regna
1664 1504 1749 1552 cae-

467 1605 573 1678 lestia
600 1604 758 1678 claustra
776 1604 915 1702 gratias
935 1604 999 1676 tibi
1029 1604 1172 1688 reserat,
1194 1603 1307 1677 choro
1327 1620 1536 1677 sanctarum
1565 1604 1747 1700 virginum

469 1731 625 1804 sociata:
655 1755 766 1827 quarn
795 1729 1032 1803 oblationem.

409 1884 441 1921 ιο
582 1880 638 1928 10.
675 1856 763 1928 Post
794 1857 1090 1928 communionem:
1120 1857 1226 1929 Deus
1262 1856 1324 1951 qui
1360 1854 1608 1929 habitaculum
1644 1871 1747 1928 tuum

471 1985 506 2056 in
526 1983 636 2056 corde
660 1982 795 2079 pudico
818 1981 990 2066 fundasti,
1013 1982 1154 2078 respice
1173 2007 1286 2078 super
1309 1981 1482 2055 famulam
1507 1979 1746 2055 mamillam:

366 2187 369 2195 ,
470 2126 508 2183 et
536 2135 632 2206 quae
666 2108 970 2206 castigationibus
1003 2108 1162 2181 assiduis
1191 2107 1370 2203 postulat,
1403 2125 1465 2182 tua
1494 2104 1748 2180 consolatione

471 2236 657 2333 percipiat,
689 2260 764 2332 per.

613 2485 641 2536 6.
661 2491 738 2535 trans
756 2481 909 2548 percipias:
930 2485 992 2548 lege
1010 2499 1072 2535 cnm
1091 2483 1133 2536 ed.
1145 2484 1255 2548 gelos:
1274 2482 1393 2535 transire
1412 2483 1579 2550 praecipias,
1595 2511 1628 2524 -
1647 2500 1686 2536 12.
1707 2499 1752 2535 ca·

543 2562 758 2628 stigationibus:
779 2579 857 2616 corr.
878 2580 917 2616 en·
935 2562 1139 2628 castigationis.

519 2805 549 2861 9.
573 2784 651 2845 Ord.
679 2785 770 2844 Rom.
801 2788 870 2852 166,
896 2782 964 2844 Gel.
992 2788 1064 2859 633.

522 2903 569 2944 10.
595 2882 664 2943 Gel.
691 2887 754 2958 634
778 2883 879 2960 (160),
907 2883 988 2942 Mur.
1015 2901 1088 2959 454.
