4078 6126
384 499 496 552 ORDO
517 499 572 552 AD
593 499 836 555 ELIGENDUM
858 501 907 554 ET
926 499 1205 556 ORDINANDUM
1227 498 1416 554 ABBATEM
1506 513 1537 566 91

369 769 402 840 5.
424 749 536 822 Alia.-
555 749 783 824 Cunctorum
804 751 990 825 institutor
1009 752 1126 836 Deus,
1144 749 1207 847 qui
1228 775 1295 848 per
1315 751 1472 846 Moysen
1494 748 1511 821 l
1529 793 1543 803 -

261 874 398 948 mulum
414 891 529 960 tuum,
546 876 594 949 ad
612 876 877 975 gubernandas
892 876 1076 962 ecclesias
1093 877 1326 974 praepositos
1342 873 1539 958 instituisti,

261 1001 324 1074 tibi
346 1001 531 1099 supplices
552 1002 739 1076 tundimus
757 1030 896 1102 preces,
919 1021 1032 1102 teque
1050 1004 1195 1077 devotis
1215 1002 1401 1076 mentibus
1417 1026 1543 1074 exora-

261 1150 358 1199 mus:
384 1143 425 1200 ut
453 1125 549 1200 hunc
574 1127 751 1201 famulum
772 1145 875 1203 tuum
908 1130 954 1203 N.
976 1155 1088 1226 quem
1117 1128 1328 1202 conibentia
1346 1143 1385 1201 et
1411 1125 1542 1200 electio

261 1252 480 1326 famulorum
495 1268 642 1328 tuorum
657 1255 831 1330 abbatem
852 1255 962 1330 hodie
978 1254 1192 1354 praeelegit,
1210 1270 1398 1352 pastorem
1418 1251 1542 1326 ovium
1572 1281 1587 1330 5

260 1392 404 1450 tuarum
434 1404 518 1454 esse
547 1379 728 1454 instituas
760 1381 898 1479 Sicque
917 1397 1024 1480 regat
1052 1380 1223 1454 subditos
1248 1378 1540 1464 commendatos

260 1520 300 1576 ut
327 1530 411 1578 cum
440 1504 509 1578 illis
543 1506 716 1580 omnibus
753 1533 909 1606 regnum
942 1507 1128 1582 caelorum
1164 1506 1317 1603 adipisci
1347 1519 1541 1578 mereatur.

260 1629 392 1727 Teque
406 1630 622 1728 opitulante,
642 1633 815 1720 Domine,
838 1633 1050 1731 apostolicis
1070 1633 1205 1731 iugiter
1224 1630 1337 1705 fultus
1354 1629 1541 1716 doctrinis,

260 1756 462 1830 centesimo
490 1783 572 1830 cum
595 1757 722 1845 fructu,
744 1758 863 1832 laetus
892 1761 1050 1833 introeat
1077 1775 1203 1856 portas
1224 1755 1395 1855 paradisi.
1419 1757 1545 1854 Atque

260 1898 308 1966 te,
333 1883 505 1969 Domine,
527 1883 784 1970 conlaudante,
806 1885 934 1959 audire
954 1900 1154 1959 mereatur:
1186 1885 1296 1981 Euge
1318 1907 1423 1956 serve
1445 1881 1544 1954 bone
1574 1903 1606 1940 10

259 2024 298 2080 et
320 2009 450 2095 fidelis,
475 2011 562 2108 quia
581 2035 829 2109 supertpauca
852 2011 950 2086 luisti
980 2011 1110 2098 fidelis,
1141 2035 1253 2110 supra
1271 2009 1386 2083 multa
1405 2024 1442 2082 te
1459 2033 1545 2082 con-

261 2135 427 2222 stituam3
457 2137 551 2209 intra
578 2138 614 2210 in
634 2137 812 2235 gaudium
841 2137 981 2211 domini
1009 2138 1073 2212 tui.
1105 2137 1219 2231 Quod
1247 2137 1327 2233 ipse
1355 2151 1553 2233 praestare

260 2260 436 2357 digneris,
466 2262 529 2359 qui
558 2288 641 2336 cum
672 2263 779 2338 Patre
807 2279 845 2338 et
873 2264 1012 2361 Spiritu
1041 2278 1170 2337 sancto
1197 2263 1288 2335 vivis
1316 2277 1354 2335 et
1375 2258 1545 2359 gloriaris

261 2385 368 2460 Deus
395 2411 463 2484 per
489 2389 614 2461 omnia
643 2387 789 2462 saecula
818 2388 1060 2463 saeculorum.
1091 2391 1224 2462 Amen.

370 2519 404 2586 6.
434 2514 547 2586 Alia:
566 2512 817 2612 Omnipotens
836 2516 1060 2612 sempiterne
1082 2515 1197 2595 Deus,
1219 2513 1433 2587 affluentem
1462 2511 1545 2609 Spi·
1575 2551 1605 2602 15

261 2638 369 2712 ritum
389 2657 476 2715 tuae
495 2639 762 2714 benedictionis
781 2667 894 2738 super
912 2640 1008 2714 hunc
1029 2639 1205 2714 famulum
1224 2656 1329 2712 tuum
1351 2639 1411 2723 N,
1434 2638 1542 2711 nobis

262 2765 462 2852 orantibus,
484 2766 704 2864 propitiatus
723 2766 892 2840 inlunde:
913 2783 954 2840 ut
981 2767 1044 2864 qui
1074 2791 1141 2863 per
1159 2789 1291 2838 manus
1311 2780 1459 2838 nostrae
1479 2763 1542 2836 im·

262 2891 483 2985 positionem
504 2891 615 2967 hodie
642 2892 759 2966 abbas
788 2892 997 2979 instituitur,
1029 2890 1317 2966 sanctificatione
1346 2907 1409 2964 tua
1428 2889 1542 2988 digne

261 3033 339 3090 ate
359 3001 498 3092 electus
519 3035 746 3115 permaneat,
769 3033 810 3091 ut
830 3044 1019 3116 nunquam
1040 3017 1280 3115 postmodum
1299 3042 1322 3090 a
1341 3031 1405 3091 tua
1423 3015 1544 3114 gratia

262 3161 453 3241 separetur
472 3144 658 3243 indignus
677 3144 872 3242 Suscipiat,
894 3161 931 3218 te
950 3144 1142 3243 largiente,
1164 3143 1285 3228 hodie,
1310 3142 1484 3228 Domine,
1507 3142 1542 3214 in
1577 3169 1611 3205 20

263 3271 364 3344 bono
378 3295 491 3367 opere
506 3271 828 3368 perseverantiam,
847 3271 883 3343 in
898 3270 1063 3344 adversis
1078 3269 1335 3353 constantiam,
1348 3268 1384 3340 in
1399 3266 1546 3340 tribula·

263 3397 425 3470 tionibus
444 3395 699 3482 tollerantiam,
718 3396 753 3470 in
774 3396 919 3470 ieiuniis
938 3395 1174 3480 desiderium,
1193 3393 1229 3467 in
1249 3393 1448 3490 pietatibus
1469 3393 1545 3491 (ric)

265 3520 560 3606 misericordiam,
579 3519 615 3593 in
635 3519 901 3596 humilitatibus
921 3520 1176 3618 principatum,
1195 3515 1391 3616 superbiae
1406 3517 1544 3602 odium,

264 3647 299 3719 in
329 3645 402 3720 fide
429 3645 675 3732 dilectionem,
708 3647 744 3719 in
773 3647 940 3720 doctrina
968 3644 1281 3743 pervigilantiam,
1314 3644 1350 3717 in
1379 3643 1547 3718 castitate

263 3773 538 3858 continentiam,
560 3798 583 3846 a
601 3771 743 3846 luxuria
762 3771 1035 3856 abstinentiam,
1058 3771 1094 3843 in
1114 3770 1353 3844 varietatibus
1382 3766 1549 3842 modera-
1579 3793 1611 3843 2⁵

264 3897 413 3983 tionem,
445 3897 481 3971 in
502 3899 665 3972 moribus
693 3898 915 3972 doctrinam:
940 3914 977 3971 te
996 3912 1225 3982 munerante,
1259 3895 1433 3982 Domine,
1466 3894 1548 3969 talis

265 4024 300 4097 in
323 4024 393 4098 hoc
421 4024 624 4098 ministerio
652 4039 874 4122 perseveret,
906 4022 1026 4120 qualis
1053 4022 1187 4097 laevita
1216 4022 1355 4097 electus
1384 4023 1431 4096 ab
1461 4047 1549 4119 apo·

265 4147 368 4222 stolis
403 4165 552 4222 sanctus
588 4149 802 4247 Stephanus
831 4149 964 4222 meruit
998 4148 1209 4245 perdurare.
1240 4149 1374 4222 Totam
1404 4147 1549 4222 abhoc

265 4275 324 4348 die
352 4273 570 4349 diabolicam
599 4275 917 4349 conversationem
937 4273 1132 4371 despiciat;
1163 4290 1210 4360 te,
1234 4274 1408 4360 Domine,
1439 4273 1549 4346 bene-

265 4400 462 4475 dictionem
482 4400 673 4500 largiente,
695 4416 935 4499 contempnat
954 4399 1163 4498 praesentia
1181 4399 1355 4496 praemia,
1377 4397 1550 4472 caelestia
1580 4437 1615 4486 30

265 4526 450 4636 desideret
471 4553 513 4602 ac
536 4527 771 4625 sempiterna.
794 4527 851 4600 Sit
878 4524 1088 4623 exemplum
1118 4541 1156 4598 et
1183 4524 1301 4598 [orma
1320 4523 1479 4597 iustitiae
1501 4522 1549 4596 ad

265 4653 547 4750 gubernandam
568 4653 847 4751 regendamque
870 4650 1063 4725 ecclesiam
1083 4649 1256 4735 fideliter;
1279 4665 1319 4721 ut
1341 4645 1551 4745 speculator

268 4779 423 4853 idoneus
443 4779 538 4854 inter
555 4805 645 4854 suos
663 4779 827 4876 collegas
846 4803 994 4876 semper
1013 4775 1202 4851 efficiatur.
1223 4775 1281 4848 Sit
1309 4775 1434 4873 magni
1465 4799 1550 4846 con·

312 5033 339 5090 5.
365 5011 445 5074 Ord.
471 5014 564 5074 Rom.
594 5017 664 5090 156,
690 5013 773 5073 Mur.
798 5029 873 5088 450,
900 5011 993 5071 Mart.
1019 5009 1098 5070 Ord.
1126 5007 1137 5067 l
1162 5009 1264 5085 (418).

311 5117 339 5172 6.
365 5111 444 5172 Ord.
472 5113 564 5175 Rom.
594 5131 664 5189 157,
691 5112 773 5171 Mur.
800 5130 874 5187 450,
901 5111 994 5169 Mart.
1022 5107 1101 5168 Ord.
1128 5105 1141 5165 1
1165 5107 1268 5183 (419).
