4078 6126
475 515 525 576 146
910 511 1036 564 INDEX
1057 511 1312 564 ANALVTICUS

472 763 524 824 Ad
549 762 772 824 Ordinandum
798 761 990 840 Episcopum
1054 807 1558 820 ..........
1579 766 1660 838 pag.
1709 780 1750 836 49

473 861 641 923 Ordinatio
665 861 705 921 ad
730 860 888 921 Abbatem
913 857 1091 919 iaciendum
1116 858 1165 918 vei
1190 857 1393 918 Abbatissam
1441 907 1446 918 .
1497 907 1502 918 .
1552 907 1557 918 .
1607 884 1623 912 »
1710 879 1750 935 54

474 959 656 1021 Benedictio
678 979 773 1037 super
795 977 899 1020 sacras
923 955 1073 1036 Virgines
1095 955 1162 1017 sive
1185 955 1444 1018 vestimentorum
1468 955 1560 1018 eius.
1608 983 1624 1014 »
1711 977 1750 1034 55

561 1058 673 1118 Oratio
697 1077 791 1136 super
814 1054 944 1118 ancillas
970 1054 1040 1124 Dei,
1058 1055 1175 1134 quibus
1198 1053 1358 1115 conversis
1376 1054 1562 1116 vestimenta

605 1165 768 1217 mutantur
1711 1173 1750 1232 55

473 1254 675 1316 Consecratio
688 1274 793 1315 sacrae
806 1251 958 1330 Virginis,
972 1271 1054 1330 quae
1067 1250 1098 1312 in
1113 1251 1301 1330 Epiphania,
1315 1263 1372 1313 etc.
1386 1251 1563 1312 celebratur
1609 1279 1625 1308 »
1712 1257 1752 1328 56

562 1352 613 1413 ad
639 1353 767 1414 Missam
793 1349 945 1415 eiusdem,
971 1360 1020 1411 etc
1022 1396 1560 1412 ...........
1609 1379 1625 1406 »
1711 1370 1752 1427 59

474 1451 657 1516 Benedictio
681 1450 814 1522 Viduae,
839 1469 921 1529 quae
945 1447 1039 1510 fuerit
1061 1448 1235 1510 castitatem
1261 1447 1400 1527 professa
1443 1497 1449 1508 .
1499 1497 1504 1508 .
1555 1497 1560 1508 .
1610 1475 1626 1506 »
1711 1454 1748 1509 61

475 1550 656 1612 Benedictio
680 1547 940 1610 vestimentorum
964 1546 1090 1608 Viduae
1107 1595 1559 1610 .........
1608 1573 1624 1604 »
1709 1545 1753 1606 ibi

474 1648 656 1711 Benedictio
680 1648 720 1708 ad
744 1646 957 1708 ordinandum
984 1647 1104 1726 Regem
1164 1693 1560 1706 ........
1608 1671 1625 1702 »

563 1747 660 1808 Missa
684 1767 741 1823 pro
764 1744 893 1824 regibus
941 1791 1561 1806 ............
1610 1771 1626 1800 »

473 1844 642 1906 Orationes
665 1845 704 1905 ad
729 1864 860 1920 sponsas
884 1842 1115 1903 benedicendas
1167 1891 1561 1903 ........
1611 1870 1626 1898 »

473 1943 642 2005 Orationes
665 1963 760 2021 super
784 1941 955 2011 hominem,
980 1941 1035 2020 qui
1059 1962 1078 2002 a
1101 1940 1270 2002 daemonio
1294 1953 1426 2002 vexatur
1443 1969 1626 2003 ....

473 2041 584 2103 Oratio
608 2061 709 2121 aquae
732 2039 926 2102 exorcizatae
949 2039 981 2100 in
1005 2040 1101 2101 domo
1164 2087 1562 2100 ........
1611 2065 1627 2096 »
1713 2059 1729 2075 ”

472 2139 584 2202 Oratio
607 2141 648 2200 ad
673 2139 780 2218 fruges
803 2158 901 2199 novas
942 2186 1560 2198 ............
1609 2163 1626 2193 »
1711 2157 1726 2176 ⁸

473 2237 656 2300 Benedictio
681 2257 760 2298 uvae
782 2235 848 2298 sive
872 2235 960 2296 savae
997 2283 1560 2300 ...........
1609 2262 1625 2292 »
1712 2236 1717 2248 ’
1746 2235 1752 2247 ’

476 2335 658 2397 Benedictio
682 2334 772 2414 panis
835 2382 1563 2398 ..............
1612 2361 1628 2390 »
1713 2353 1729 2370 ·

474 2433 657 2496 Benedictio
681 2433 746 2494 vini
775 2481 1560 2496 ...............
1610 2461 1625 2489 »
1712 2432 1717 2444 ’
1746 2432 1752 2443 ’

474 2532 657 2595 Benedictio
680 2551 847 2611 pomorum
889 2579 1562 2594 .............
1610 2557 1626 2586 »
1712 2531 1718 2542 ’
1747 2530 1752 2542 “

475 2629 657 2692 Benedictio
681 2631 721 2692 ad
737 2629 845 2692 omnia
868 2651 951 2710 quae
975 2629 1113 2691 volueris
1165 2678 1561 2693 ........
1609 2657 1626 2686 »
1714 2633 1717 2640 “
1747 2629 1752 2640 ’

475 2729 586 2790 Oratio
609 2730 649 2790 ad
675 2727 838 2790 introitum
863 2728 1044 2790 monasterii
1057 2776 1561 2792 ..........
1611 2756 1626 2784 »
1712 2747 1741 2802 ᾗ

473 2827 585 2888 Oratio
609 2827 797 2888 introeuntis
822 2827 852 2887 in
877 2826 1037 2888 basilicam
1054 2855 1624 2888 ..........
1713 2825 1717 2836 “
1747 2824 1752 2836 ’

474 2925 586 2988 Oratio
611 2925 642 2986 in
666 2925 803 2986 sacrario
829 2973 1561 2989 ..............
1608 2951 1624 2980 »
1709 2923 1714 2934 ”
1743 2923 1749 2935 ’

474 3024 586 3086 Oratio
610 3022 641 3085 in
665 3023 853 3085 dormitorio
887 3071 1560 3089 .............
1610 3049 1625 3080 »

474 3123 586 3185 Oratio
609 3121 665 3183 ubi
689 3122 876 3184 vestimenta
900 3133 1127 3184 conservantur
1167 3170 1563 3182 ........
1612 3149 1627 3175 »

475 3221 587 3282 Oratio
612 3220 642 3280 in
668 3219 832 3281 refectorio
889 3269 1562 3284 .............
1612 3245 1628 3274 »
1713 3219 1719 3232 '
1748 3219 1753 3231 '

474 3319 586 3381 Oratio
610 3317 641 3380 in
666 3318 793 3396 cellario
834 3367 1561 3382 ..............
1613 3347 1628 3372 »
1713 3319 1718 3328 ’
1747 3317 1752 3328 “

475 3417 586 3480 Oratio
611 3417 642 3478 in
667 3416 850 3496 pocionario
889 3463 1561 3478 .............
1611 3443 1627 3472 »
1713 3417 1719 3428 '
1747 3415 1752 3426 ’

474 3515 587 3579 Oratio
611 3516 643 3577 in
667 3515 830 3595 quoquina
890 3564 896 3574 .
946 3565 951 3574 .
1002 3564 1007 3574 .
1057 3564 1062 3574 .
1113 3571 1117 3579 ,
1169 3564 1564 3578 ........
1614 3541 1629 3572 »
1715 3535 1730 3549 -

475 3615 587 3676 Oratio
611 3615 643 3675 in
667 3614 804 3676 lardario
833 3661 1561 3678 ..............
1612 3643 1627 3670 »

475 3713 587 3775 Oratio
612 3712 643 3772 in
667 3711 801 3792 pistrino
834 3759 1563 3776 ..............
1612 3739 1628 3768 »
1713 3710 1718 3722 '
1747 3709 1752 3721 '

476 3813 588 3872 Sermo
611 3811 643 3872 in
666 3811 867 3873 dedicatione
891 3809 1040 3871 ecclesiae
1059 3859 1566 3874 ..........
1614 3837 1630 3868 »
1714 3829 1745 3868 *r

564 3909 655 3973 Alter
677 3929 781 3972 sermo
836 3955 1563 3974 ..............
1611 3933 1628 3966 »

721 4142 998 4204 ΑΙ)Ι)ΙΤΙΟΝΕ8
1025 4142 1316 4203 l'OSTERIORlS
1343 4143 1509 4204 MANUS.

478 4320 661 4382 Benedictio
684 4319 715 4380 in
740 4317 939 4381 dedicatione
963 4318 1111 4380 ecclesiae
1170 4368 1565 4384 ........
1586 4327 1665 4400 pag.
1715 4329 1753 4397 85

477 4420 587 4481 Canon
613 4419 729 4480 Missae
752 4417 910 4500 (ammius)
946 4467 952 4478 .
1057 4467 1566 4479 ..........
1614 4445 1630 4476 »
1715 4424 1756 4479 86

477 4517 660 4579 Benedictio
684 4517 716 4578 in
739 4515 940 4578 dedicatione
963 4517 1113 4578 ecclesiae
1168 4564 1563 4580 ........
1612 4544 1628 4572 »
1716 4525 1755 4578 88

476 4616 659 4678 Benedictio
684 4615 827 4696 Virginis
850 4627 881 4677 ct
904 4615 1029 4676 Viduae
1055 4663 1564 4678 ..........
1613 4642 1629 4670 »
1713 4615 1755 4674 ibi

478 4714 660 4776 Benedictio
683 4713 827 4793 Virginis
849 4712 889 4774 ab
915 4714 1073 4792 Episcopo
1097 4713 1233 4776 diceudo
1281 4762 1565 4776 ......
1613 4739 1629 4770 »
1716 4721 1756 4790 89

476 4813 567 4875 Ordo
590 4813 631 4874 ad
654 4812 838 4892 eligendum
862 4822 894 4872 et
916 4811 1130 4873 ordinandum
1156 4813 1313 4875 Abbatem
1334 4860 1564 4874 .....
1613 4837 1629 4866 »
1715 4831 1756 4888 90
