4084 6128
507 531 578 568 ssu·
1034 520 1259 572 l'R.ll]l'A'l‘l()

505 788 736 842 sacramento
765 769 874 842 locuti
905 769 1134 866 intelligendi
1165 771 1263 868 sunt)
1294 769 1362 842 hoc
1392 769 1472 842 loco
1502 769 1667 865 prolecto
1696 770 1785 842 indi-

505 895 624 968 canda
652 913 741 968 erat.

612 1022 687 1094 Sed
719 1047 764 1094 ne
786 1021 856 1094 alia
881 1039 1130 1106 monumenta,
1153 1048 1249 1118 quae
1278 1021 1347 1094 hoc
1376 1039 1644 1095 sacramentum
1675 1025 1786 1120 respi-

505 1147 615 1230 ciunt,
643 1148 868 1244 ignorentur,
892 1147 981 1221 haec
1011 1175 1056 1221 ex
1086 1150 1267 1229 Somnum]
1299 1148 1357 1218 Lu
1382 1147 1508 1240 gloria
1531 1149 1591 1221 dei
1606 1152 1707 1221 rutili
1722 1153 1786 1222 mi-

504 1275 627 1354 luuesi,
660 1272 796 1344 addere
826 1272 944 1346 lubet:

614 1401 680 1471 Ex
693 1399 882 1473 Constant.
901 1402 1127 1496 Legurlormu
1138 1403 1300 1498 r-‘lposlol
1316 1403 1389 1476 ilul.
1407 1404 1479 1476 kal.
1497 1429 1585 1498 nug.
1602 1429 1661 1475 art.
1676 1403 1746 1474 [οό
1749 1423 1783 1494 7.

512 1526 643 1600 «lllud
673 1543 797 1599 autem
827 1527 927 1622 quod
957 1527 1104 1622 speciali
1134 1526 1333 1601 devotione
1362 1547 1420 1602 est
1447 1530 1602 1626 dignum
1638 1526 1785 1600 inviola-

512 1685 529 1720 «
545 1653 607 1724 hili
632 1654 894 1726 constitutione
919 1653 1121 1725 iudicamus
1143 1655 1176 1725 in
1199 1672 1417 1749 perpetuum
1438 1655 1599 1727 firmum:
1618 1670 1657 1725 ut
1677 1653 1785 1724 huius

512 1809 529 1846 «
550 1778 735 1875 gloriosae
756 1779 854 1850 sedis
874 1781 1039 1864 antistes
1062 1779 1124 1876 qui
1150 1805 1245 1851 nunc
1274 1796 1340 1860 cst,
1363 1778 1420 1852 vel
1441 1781 1665 1877 quicumque
1685 1779 1788 1851 dein·

514 1929 639 1999 «ceps
669 1903 785 1981 luerit.
819 1904 932 1976 semel
952 1921 1016 1976 aut
1044 1905 1100 1976 bis
1121 1906 1149 1976 si
1171 1931 1282 2000 posse
1303 1906 1420 1992 luerit,
1452 1907 1530 2001 ipse
1560 1931 1626 2001 per
1654 1931 1785 1978 omnes

513 2028 689 2126 «plebes,
721 2031 944 2126 quicumque
973 2057 1037 2102 eas
1067 2047 1200 2113 teneat,
1231 2031 1285 2102 ατί
1317 2031 1602 2124 consignatum
1632 2047 1670 2104 et
1696 2031 1786 2103 chri-

514 2189 529 2222 «
552 2156 775 2229 stianitatem
806 2156 1008 2228 secundum
1037 2181 1199 2230 canones
1228 2157 1515 2253 perquirendum
1543 2156 1704 2230 vadat...
1728 2186 1744 2219 »

614 2281 671 2352 Ex
699 2280 824 2353 charta
843 2305 938 2352 saec,
963 2281 1035 2353 ΧΗ
1059 2281 1114 2353 cui
1136 2282 1208 2353 tit.:
1231 2282 1436 2353 rS'aarlthnes
1448 2291 1522 2377 pru
1541 2280 1786 2353 herlemundo

507 2407 597 2477 cleri
621 2406 831 2502 descrplrim:
858 2441 873 2472 «
896 2405 956 2476 :ld
985 2407 1144 2478 dandam
1166 2406 1465 2479 christianitatem
1486 2405 1656 2502 parvulis.
1679 2423 1717 2479 et
1738 2407 1784 2479 ad

514 2532 776 2628 «baptismum
806 2557 878 2604 non
908 2532 1149 2606 admittantur
1176 2533 1242 2603 nisi
1264 2549 1337 2604 tres
1357 2558 1538 2626 personae
1567 2543 1623 2621 (ut
1640 2557 1785 2628 compa-

514 2687 531 2727 «
552 2673 626 2730 tres
645 2673 709 2730 aut
728 2659 962 2754 commatres)
983 2657 1030 2729 ad
1050 2658 1206 2730 chrisma
1227 2684 1321 2730 unus
1350 2658 1564 2730 admittatur
1592 2675 1780 2730 tantum.»

619 2783 823 2881 Hucusque
854 2784 967 2857 relata
995 2784 1090 2856 clare
1119 2785 1321 2857 ostendunt
1344 2784 1480 2856 nullam
1504 2784 1636 2857 adesse
1666 2785 1787 2856 incon-

508 2910 716 3005 gruentiam
737 2910 838 3007 quod
858 2911 1020 3006 episcopi
1046 2911 1158 2983 nostri
1191 2909 1401 2983 l'ontilicale
1422 2910 1613 2982 universae
1635 2909 1787 2982 latinae

509 3034 685 3108 ecclesiae
706 3034 801 3107 idest
819 3037 1028 3108 Romanum
1050 3062 1145 3109 nunc
1161 3052 1322 3112 teneant.
1341 3037 1452 3132 quod,
1476 3035 1558 3109 licet
1572 3035 1787 3108 auctoritate

514 3161 764 3233 Romanorum
788 3161 1003 3234 Pontificum
1024 3179 1172 3233 auctum
1192 3179 1229 3233 et
1250 3163 1283 3233 in
1305 3161 1492 3233 meliorem
1514 3161 1666 3233 sormam
1688 3160 1788 3232 reda-

510 3303 623 3369 ctum,
660 3303 781 3357 tamen
818 3303 964 3359 nostrae
997 3286 1182 3359 Ecclesiae
1212 3287 1395 3359 traditioni
1426 3312 1572 3383 semper
1599 3287 1785 3358 cohaeret:

512 3410 789 3507 Archiepiscopi
815 3413 911 3484 enim
936 3414 1048 3485 nostri
1074 3411 1230 3486 libenter
1250 3413 1284 3484 in
1307 3412 1576 3508 pontificalibus
1597 3413 1787 3485 Romanae

512 3536 698 3609 Ecclesiae
721 3537 930 3632 exemplum
952 3564 1099 3634 semper
1119 3557 1204 3611 sunt
1224 3539 1380 3634 sequuti.
1410 3557 1450 3610 ut
1478 3555 1632 3612 testatur
1653 3538 1786 3609 nedum

513 3663 634 3757 praxis
656 3664 694 3734 S.
726 3661 847 3734 Caroli
875 3665 1063 3736 llorromei
1085 3682 1121 3736 et
1142 3663 1513 3760 ilrchiepiscopormn
1536 3662 1790 3736 hlediolanen·

513 4049 527 4077 a
541 4039 635 4081 tamen
657 4029 683 4080 iu
698 4027 784 4081 corde
798 4029 960 4092 signamur:
976 4039 1005 4081 ut
1022 4029 1144 4094 Spiritus
1157 4041 1271 4082 sauctus
1284 4029 1423 4094 caprimm
1438 4029 1465 4080 in
1481 4029 1562 4080 nohis
1582 4029 1715 4092 imaginis
1728 4047 1789 4082 cae-

513 4117 620 4169 «lestis
638 4117 804 4182 elligiem.»
824 4119 859 4170 l't
880 4127 997 4183 apparet
1019 4119 1097 4170 locus
1118 4119 1147 4170 S.
1171 4117 1314 4168 Ambrosii
1329 4117 1512 4168 commendat
1526 4117 1786 4182 interpretationem

511 4223 597 4272 «luam
623 4223 725 4258 onmes
749 4207 807 4259 lere
834 4207 1001 4274 interpretes
1025 4207 1160 4259 exhibent
1186 4207 1223 4258 de
1250 4207 1342 4258 serbis
1368 4206 1500 4272 apostoli
1524 4207 1576 4272 ill,
1604 4209 1669 4258 Cor.
1694 4209 1715 4268 l,
1744 4209 1788 4261 21}

513 4295 708 4362 superallatis:
724 4295 759 4349 cf.
782 4296 843 4348 loca
857 4297 1001 4362 parallela.
1024 4299 1070 4350 Dc
1089 4296 1177 4349 Helia
1190 4296 1316 4362 cls'ry'uu.
1332 4315 1356 4348 c.
1372 4297 1408 4351 Χ,
1426 4313 1453 4348 n.
1470 4300 1519 4360 36:
1535 4306 1562 4348 et
1576 4296 1604 4348 ia
1618 4299 1712 4349 Scrm
1728 4298 1789 4356 ΙΙΙ,

512 4403 540 4439 n.
563 4403 588 4452 9,
610 4405 625 4438 e
646 4385 710 4439 cod.
725 4387 894 4440 sessoriano
911 4387 950 4454 (iu
965 4387 1011 4440 cd.
1036 4386 1167 4440 Ballerini
1187 4393 1263 4452 ttpp.
1280 4389 1309 4439 S.
1325 4387 1425 4439 Ambr.
1447 4397 1467 4439 t.
1490 4388 1525 4439 Υ.
1540 4387 1594 4438 cul.
1612 4403 1660 4448 2¹5
1675 4397 1702 4439 et
1716 4404 1788 4453 sequ

585 4478 649 4528 lloc
668 4475 782 4540 signum
808 4494 865 4544 qua
886 4477 912 4530 iu
933 4477 1060 4543 corporis
1087 4487 1166 4542 parte
1191 4477 1226 4529 sit
1253 4477 1356 4529 lactum
1378 4477 1453 4530 idem
1475 4478 1645 4530 Almlnosius
1665 4481 1723 4533 ila·
1740 4481 1788 4531 ln-

513 4565 707 4633 evacuatione
721 4567 780 4630 Job
792 4571 821 4620 cl
838 4568 945 4624 David.
969 4569 986 4620 l.
1010 4568 1049 4627 11,
1070 4585 1094 4620 c.
1117 4567 1185 4620 t'lt.
1203 4585 1230 4618 u.
1248 4578 1291 4630 ²7³
1311 4567 1410 4620 elucet:
1428 4587 1441 4616 «
1457 4567 1577 4630 Signum
1592 4585 1674 4621 sumn
1695 4569 1788 4634 posuit

515 4656 671 4708 «Christus
691 4657 721 4709 in
736 4657 886 4724 frontibus
904 4657 1093 4722 singulorum.
1110 4677 1124 4706 s

584 4747 768 4814 [arinulphus
787 4748 893 4812 sentior,
915 4765 972 4800 tau.
997 4751 1075 4814 troo)
1102 4747 1180 4798 llisr.
1208 4747 1323 4798 alodios.
1352 4748 1370 4800 l.
1393 4750 1416 4802 l.
1444 4765 1468 4800 c.
1493 4748 1542 4808 lx,
1564 4747 1612 4800 uhi
1639 4747 1675 4800 de
1699 4748 1789 4814 hapti-

513 4845 603 4889 stuate
616 4839 647 4890 S,
663 4837 828 4902 Augustini.
850 4847 974 4890 veterem
994 4835 1230 4890 consueturlimuu
1256 4836 1392 4888 ecclesiae
1413 4836 1635 4890 hletliolauensis
1655 4837 1786 4892 insinuat.

515 4926 557 4978 his·
578 4925 684 4978 verbis:
708 4947 722 4976 u
736 4927 783 4978 Sic
803 4926 829 4978 iu
852 4927 985 4983 murinus.
1006 4926 1054 4992 qui
1078 4927 1108 4978 ll.
1128 4925 1245 4994 Juauuis
1265 4925 1480 4983 adserilmutur.
1505 4928 1566 4980 l)eo
1582 4927 1750 4992 opitulante.
1773 4943 1789 4977 a

515 5037 528 5062 ι
547 5017 575 5068 lt.
597 5017 761 5072 Ambrosio,
776 5017 885 5069 cunctis
906 5016 1037 5068 fidelihus
1058 5016 1142 5082 hujus
1162 5015 1240 5067 urhis
1258 5015 1435 5067 adstantibus
1449 5025 1474 5068 et
1491 5017 1662 5078 ridentibus,
1679 5018 1789 5080 alagu-

516 5103 645 5174 «stiausi
675 5105 702 5157 in
733 5107 848 5158 nomine
875 5109 995 5158 Sanctae
1020 5117 1046 5158 et
1079 5105 1248 5158 lndiriduae
1274 5103 1421 5157 Trinitatis
1449 5105 1606 5172 baptizatus
1634 5117 1662 5160 et
1688 5105 1789 5159 coufir-

516 5213 529 5240 a
543 5203 635 5247 matus
654 5205 706 5248 est.
721 5215 736 5244 »
