4084 6128
484 1311 499 1360 5

926 525 1192 578 l'ONTlFlCrlLE
1217 525 1328 577 SrlEC.
1359 525 1410 577 tx.

686 643 1042 652 --————-——--

633 778 775 850 llernrn
803 777 901 848 dz'col
926 775 1118 848 ordeizolor
1144 773 1263 846 electi:

634 904 703 976 Est
730 903 867 1000 dignus
890 919 928 975 et
957 901 1074 973 iustus
1103 899 1172 973 hoc
1206 899 1329 972 subire
1360 897 1632 971 ministerium?

634 1028 864 1125 Respondent
890 1026 1007 1099 lre'bns
1034 1025 1189 1098 assibus:
1219 1025 1368 1122 Dignus
1397 1040 1465 1108 est,
1497 1024 1614 1096 iustus
1643 1039 1701 1096 est
1716 1019 1787 1120 Η).

638 1177 697 1245 39.
729 1153 871 1225 llerrnn
899 1153 1091 1225 orrlinolor
1118 1153 1235 1224 dz'ectl:

636 1278 848 1352 Auxiliante
869 1277 1034 1350 Domino
1055 1294 1182 1350 nostro
1197 1276 1310 1373 Jhesu
1333 1275 1491 1362 Christe,
1514 1293 1552 1350 et
1570 1278 1681 1350 beato
1702 1277 1811 1350 l'etro

529 1581 618 1644 electi
647 1581 841 1643 consecratio
876 1581 1095 1649 differebatur,
1133 1592 1164 1640 et
1196 1591 1271 1641 tunc
1301 1579 1436 1650 electuS,
1465 1601 1526 1640 non
1559 1579 1695 1658 amplius
1732 1581 1813 1642 inter

531 1681 740 1760 presbyteros,
765 1679 820 1740 sed
845 1679 975 1740 seorsim
1000 1679 1104 1740 stabat
1128 1679 1159 1739 in
1185 1679 1254 1740 loco
1278 1679 1389 1758 utique
1411 1700 1430 1739 a
1451 1677 1563 1739 ceteris
1585 1678 1743 1758 episcopis
1766 1679 1811 1740 di-

531 1778 655 1847 stincto,
693 1789 727 1838 ut
763 1778 884 1839 notavit
920 1779 1086 1838 Ennorlins
1120 1777 1183 1856 (ed.
1209 1777 1322 1857 Vogel,
1359 1797 1388 1856 p.
1430 1779 1504 1854 122)
1536 1776 1567 1837 in
1599 1779 1745 1838 Dr‘ctione
1769 1779 1811 1839 ad

531 1877 625 1956 episc.
656 1876 825 1937 Novarien.
851 1896 909 1955 pro
940 1875 1140 1937 dedicatione
1176 1875 1324 1937 basilicae
1350 1875 1577 1954 apostolorum.
1633 1872 1687 1954 ¹⁴²ss)
1723 1877 1812 1938 Haec

532 1975 638 2036 onmia
664 1975 704 2036 ad
729 1975 922 2054 primaevam
947 1974 1096 2036 ecclesiae
1120 1973 1320 2052 disciplinam
1340 1974 1483 2044 attinent,
1501 1995 1597 2054 quam
1622 1974 1811 2036 Ambrosius

532 2084 646 2144 noster,
679 2073 881 2152 distinguens
911 2072 1096 2134 electionem
1125 2084 1157 2133 et
1180 2073 1436 2152 postulationem,
1462 2083 1497 2132 ut
1520 2071 1670 2132 nimirum
1695 2072 1809 2134 illaad

531 2172 660 2242 clerum,
679 2171 755 2232 haec
778 2172 818 2232 ad
856 2171 1008 2250 populum
1045 2181 1208 2249 spectaret,
1243 2183 1316 2249 apte
1349 2169 1549 2250 significavit,
1574 2179 1641 2230 tum
1667 2170 1698 2231 in
1722 2174 1809 2252 episi.

531 2272 576 2330 nd
611 2271 892 2331 Thessalonicenses
915 2269 978 2346 (ed.
1006 2268 1153 2330 Ballerini
1177 2289 1226 2348 ep.
1252 2269 1323 2338 XV,
1349 2290 1378 2330 n.
1409 2271 1461 2346 12)
1491 2280 1558 2328 tum
1591 2267 1623 2330 in
1654 2271 1741 2348 episi.
1770 2271 1815 2330 od

531 2371 630 2430 eccles.
667 2369 830 2429 Vercellen.
857 2365 911 2450 (ib.
930 2389 978 2446 ep.
1006 2367 1112 2427 LXlll
1138 2388 1190 2428 nn.
1218 2387 1234 2428 2
1260 2377 1291 2426 et
1316 2365 1379 2450 65).
1406 2368 1559 2428 Nostrum
1584 2387 1647 2428 non
1671 2379 1718 2428 est
1737 2367 1811 2448 jura

533 2487 702 2538 recensere,
728 2487 809 2547 quae
833 2465 1015 2527 communia
1038 2464 1150 2526 habuit
1166 2465 1297 2527 ccclesia
1313 2476 1419 2526 nostra
1441 2485 1512 2526 cum
1537 2465 1648 2526 ceteris
1671 2466 1811 2527 ecclesiis

534 2565 651 2636 ltaliae,
675 2575 743 2626 tum
765 2564 870 2644 quoad
897 2562 1129 2643 metropolitani
1154 2563 1349 2633 electionem,
1375 2573 1441 2624 tum
1466 2564 1572 2643 quoad
1589 2563 1809 2644 episcoporum

532 2663 803 2743 suffraganeorum
837 2662 1122 2732 consecrationem,
1156 2661 1252 2723 modo
1284 2663 1430 2724 Romano
1462 2661 1605 2724 Pontifici
1638 2675 1809 2735 reservata;

462 2771 468 2786 ⁸
533 2782 636 2841 neque
659 2761 812 2823 disserere
828 2762 869 2823 de
885 2772 1013 2822 mutuae
1029 2760 1273 2822 consecrationis
1290 2781 1348 2821 usu
1367 2760 1586 2840 episcoporum
1606 2761 1810 2842 aquileiensis

533 2873 564 2922 et
583 2859 827 2921 mediolanensis
844 2857 903 2942 (ep.
929 2861 1061 2938 Pelagii
1075 2861 1099 2920 I.
1113 2859 1238 2938 Joonni
1259 2860 1399 2920 Polricio
1422 2861 1614 2922 cabnrlarr'o:
1629 2861 1678 2922 ed.
1700 2859 1811 2941 Migne

534 2971 555 3020 t.
582 2959 688 3019 LXIX
713 2979 742 3037 p.
769 2959 846 3042 411)
870 2971 924 3019 aut
941 2958 981 3018 de
999 2958 1171 3019 inveterata
1194 2957 1255 3019 iam
1281 2978 1359 3018 aevo
1383 2957 1529 3038 Gregorii
1556 2959 1667 3038 Magni
1689 2957 1747 3042 (ep.
1770 2961 1815 3020 od

534 3059 714 3118 Romanurn
725 3060 916 3138 patricium:
931 3057 980 3117 ed.
1007 3058 1149 3118 bionum.
1168 3056 1257 3118 Gen:
1283 3057 1363 3135 Reg.
1381 3055 1515 3136 Gregor.
1542 3057 1565 3128 l,
1591 3077 1620 3137 p.
1644 3061 1724 3136 ·189)
1740 3079 1811 3118 con-

534 3155 702 3216 suetudine
733 3155 978 3216 consecrationis
1010 3154 1243 3233 metropolitani
1281 3154 1526 3216 mediolanensis
1561 3155 1722 3217 faciendae
1756 3177 1812 3235 per

535 3253 751 3334 suffraganeos
774 3253 939 3333 episcopos
962 3254 1003 3314 tle
1026 3273 1180 3314 consensu
1213 3251 1350 3314 Romani
1376 3253 1545 3315 Pontificis.
1572 3254 1650 3315 Item
1679 3267 1813 3334 praeter·

536 3351 627 3414 mitto
651 3373 743 3413 usum
768 3351 984 3432 suffraganeos
1008 3350 1211 3412 consecrandi
1238 3351 1268 3412 in
1293 3349 1423 3414 ecclesia
1440 3352 1691 3432 metropolitana,
1717 3374 1811 3433 quem

535 3451 628 3512 refert
645 3452 811 3512 Ennodins
826 3453 837 3528 (
851 3453 921 3511 tata
941 3450 1087 3530 Episani,
1113 3450 1161 3511 ed.
1187 3449 1300 3528 Vogel,
1326 3471 1356 3528 p.
1383 3448 1452 3532 89);
1477 3449 1554 3512 haec
1569 3451 1635 3530 jam
1654 3451 1722 3512 fuse
1744 3452 1814 3513 atti·

534 3561 650 3628 gerunt
674 3549 755 3610 inter
778 3559 932 3610 nostrates
968 3551 1109 3619 Ginlim',
1141 3549 1294 3608 illenrorie
1322 3550 1358 3608 di
1386 3549 1512 3609 Milone
1539 3547 1580 3632 (v.
1608 3549 1747 3612 Indicem
1771 3551 1811 3611 ad

534 3667 601 3708 voc.
627 3651 829 3709 Arcioescovo
856 3650 892 3709 di
920 3646 1076 3731 illelono);
1101 3647 1199 3719 Sossi,
1231 3647 1336 3708 Series
1359 3647 1506 3728 Arclriep.
1532 3649 1671 3716 Medeai„
1703 3661 1734 3710 et
1763 3651 1814 3711 Ol·

535 3747 692 3818 lrocchins,
718 3748 839 3811 Hislor.
864 3748 1057 3825 Ligustico·
1089 3765 1152 3806 uon
1182 3744 1268 3806 nulla
1291 3755 1396 3805 tamen
1425 3745 1599 3824 praelibare
1622 3747 1741 3826 juverit
1775 3769 1813 3808 ex

536 3844 655 3905 inedito
671 3844 775 3905 rotulo
791 3865 841 3905 an.
869 3865 961 3921 1203,
988 3844 1049 3904 iam
1073 3843 1218 3923 superius
1242 3843 1346 3910 allato,
1371 3864 1453 3923 quae
1476 3845 1616 3923 produnt
1639 3847 1757 3925 stylum
1781 3845 1812 3908 in

535 3943 664 4004 eeclesia
689 3955 795 4003 nostra
812 3963 890 4003 saec.
909 3943 1066 4003 XII-Xlll
1084 3954 1253 4013 servatum,
1271 3953 1338 4003 tum
1356 3941 1387 4003 in
1404 3941 1557 4004 electione
1573 3945 1811 4026 archiepiscopi,

535 4053 602 4102 tum
628 4041 658 4101 in
684 4041 974 4103 consecrationibus
996 4041 1227 4120 episcoporum,
1253 4041 1390 4120 quaein
1414 4041 1545 4103 ecclesia
1562 4043 1673 4123 majori
1689 4057 1813 4107 tantum

536 4139 653 4200 fiebant
668 4159 731 4200 non
745 4139 813 4200 sine
829 4139 1090 4209 solemnitatibus
1109 4151 1143 4200 ut
1168 4139 1305 4200 innuunt
1321 4139 1560 4201 distributiones
1575 4141 1634 4204 hac
1649 4143 1814 4206 occasione

537 4238 602 4298 lieri
627 4237 747 4308 solitae,
772 4259 966 4318 quamquam
990 4238 1119 4300 aliunde
1143 4237 1202 4314 (uti
1227 4258 1266 4297 ex
1289 4240 1422 4299 Beroldo
1446 4259 1475 4299 v.
1501 4259 1589 4301 meae
1615 4241 1690 4302 edit.
1715 4243 1812 4321 prael.

536 4335 587 4396 sol.
613 4337 672 4396 XL
695 4347 727 4396 et
750 4335 829 4420 seq.)
850 4337 914 4416 jam
939 4347 1087 4416 suppetat
1109 4336 1230 4397 notitia.
1261 4337 1309 4397 En
1334 4335 1402 4416 ipsa
1425 4339 1521 4399 verba
1547 4338 1747 4420 singulorum
1772 4353 1816 4402 te·

535 4434 630 4496 stium
656 4435 829 4495 secundum
854 4435 967 4497 seriem
993 4436 1024 4496 in
1050 4457 1107 4496 ms
1132 4447 1305 4496 servatam:

589 4534 686 4594 l'e’sb's
717 4534 788 4612 Ugo
812 4536 848 4595 de
886 4537 991 4603 Ozola,
1027 4536 1195 4614 Presbyler
1222 4535 1415 4596 Ordinorins
1445 4537 1691 4599 niediolanensn
1713 4540 1816 4600 Eccle-

535 4635 616 4692 siae:
643 4655 659 4686 «
675 4633 753 4693 Item
778 4632 859 4694 dixit
882 4633 969 4712 quod
993 4632 1122 4712 quando
1147 4631 1323 4712 Episcopus
1346 4633 1559 4696 Terdonensis
1583 4635 1721 4698 debebat
1743 4658 1816 4699 con-

540 4729 694 4806 «sectari,
720 4731 921 4793 Primicerius
940 4731 994 4811 qui
1013 4731 1109 4792 modo
1132 4742 1188 4800 est,
1206 4742 1278 4792 ante
1295 4731 1561 4794 consecrationem
1584 4734 1739 4814 inceptam
1758 4735 1816 4798 ivit

540 4828 679 4889 «sedere
702 4829 734 4890 in
752 4830 854 4909 capite
870 4831 960 4891 banci
978 4827 1211 4912 (diaconorum)
1234 4830 1274 4891 de
1297 4849 1362 4908 quo
1384 4829 1499 4910 agitur,
1523 4835 1566 4911 (v.
1584 4853 1614 4894 n.
1634 4853 1683 4911 24,
1709 4855 1739 4913 p.
1759 4839 1816 4914 44)

541 4956 555 4978 «ι
570 4937 600 4986 et
616 4925 765 4988 dominus
784 4928 1050 5008 Archiepiscopus
1066 4929 1228 4990 mandavit
1244 4927 1271 4988 ei
1289 4940 1324 4989 ut
1341 4928 1520 4992 recederet:
1544 4941 1575 4991 et
1592 4931 1650 4994 iste
1665 4931 1816 4994 dominus

541 5049 556 5078 «
572 5025 646 5104 Ugo
669 5025 710 5086 de
727 5026 827 5087 Ozola
844 5027 900 5089 ivit
916 5040 947 5089 et
963 5026 1043 5088 dixit
1060 5039 1095 5088 ut
1111 5027 1280 5098 recederet,
1301 5039 1332 5089 et
1348 5026 1449 5088 noluit
1466 5030 1620 5102 recedere,
1638 5041 1670 5092 et
1686 5031 1815 5093 Archie·

542 5147 557 5175 «
572 5122 720 5202 piscopus
743 5124 895 5186 candellis
918 5125 1057 5188 accensis
1072 5123 1357 5187 excommunicavit
1373 5146 1456 5198 eum,
1474 5139 1505 5188 et
1521 5127 1578 5189 ivit
1595 5128 1695 5191 lacere
1709 5151 1815 5194 conse·

1995 5797 2000 6090 l
