4084 6128
912 493 1178 550 PONTIFICALE
1203 493 1312 548 SAEC.
1341 493 1393 548 IX.

828 609 1556 622 ...u-...n———u-—o—-u———n-——m-
1564 607 1742 615 -·-—⁴-———-
1749 607 1792 614 ---

623 771 681 840 ²4·
713 744 804 818 Inde
819 745 965 842 focr'ons
992 767 1130 816 crucem
1159 741 1294 814 incensi
1317 747 1429 837 super
1460 739 1589 824 altore,
1619 747 1654 812 el
1679 737 1795 812 dz'oat:

621 869 793 946 Oremus,
824 871 878 944 Et
903 869 1074 944 dr'oconus
1101 876 1144 940 ut
1168 876 1296 964 supro.

622 999 694 1074 Dei
725 997 842 1072 Patris
870 992 1135 1091 omnipotentis
1155 992 1452 1080 misericordiam,
1478 991 1701 1068 dilectissimi
1726 992 1743 1064 Ι
1781 1037 1793 1046 -

513 1142 597 1212 tres,
619 1124 876 1223 deprecemur:
898 1137 939 1196 ut
956 1120 1026 1195 hoc
1054 1118 1167 1196 altare
1196 1118 1380 1194 sacrificiis
1408 1117 1632 1217 spiritalibus
1666 1143 1793 1194 conse-

468 1251 698 1336 scrandum,
727 1250 828 1324 vocis
861 1264 1008 1322 nostrae
1036 1261 1213 1320 exorante
1250 1244 1382 1330 offici0,
1422 1246 1606 1343 praesenti
1643 1245 1793 1320 benedi·

511 1379 633 1454 ctione
660 1377 877 1452 sanctificet:
909 1392 950 1449 ut
983 1375 1018 1449 in
1053 1399 1099 1449 eo
1135 1397 1282 1470 semper
1318 1371 1528 1446 oblationes
1570 1371 1790 1446 famulorum

511 1530 662 1582 suorum
681 1503 804 1578 studio
824 1527 913 1577 suae
941 1500 1149 1575 devotionis
1178 1498 1380 1596 impositas,
1410 1497 1629 1574 benedicere
1649 1516 1687 1573 et
1711 1525 1793 1574 san·

511 1631 668 1705 ctificare
700 1630 891 1728 dignetur:
916 1643 957 1701 ut
985 1624 1135 1724 spiritali
1164 1624 1330 1723 placatus
1365 1625 1516 1699 incensu
1550 1625 1713 1722 precanti
1742 1626 1792 1702 sa-

512 1756 632 1832 miliae
660 1781 750 1830 suae
778 1770 972 1853 promptus
1000 1752 1146 1828 auditor
1172 1751 1338 1827 adsistat.

451 1930 483 1968 10
621 1902 680 1974 25.
702 1880 843 1954 Iterum
862 1880 977 1954 dicat:
1001 1879 1173 1953 Oremus.
1206 1880 1259 1952 Et
1274 1879 1446 1952 droconus
1464 1889 1506 1952 ut
1522 1889 1651 1977 supro.

619 2007 725 2082 Deus
753 2007 1000 2104 omnipotens,
1023 2006 1059 2079 in
1081 2005 1186 2079 cuius
1208 2005 1389 2080 honorem
1414 2004 1529 2080 altare
1552 2005 1622 2080 hoc
1650 2007 1721 2080 sub
1739 2007 1791 2081 in-

510 2134 703 2209 vocatione
740 2135 791 2207 tui
826 2132 984 2208 nominis
1021 2156 1296 2218 consecramus,
1332 2130 1495 2207 clemens
1537 2149 1574 2206 et
1609 2133 1790 2231 propitius

512 2286 639 2358 preces
677 2277 825 2336 nostrae
853 2258 1066 2334 humilitatis
1101 2257 1252 2342 exaudi,
1290 2273 1329 2331 et
1364 2276 1530 2355 praesta;
1561 2274 1601 2332 ut
1642 2259 1678 2332 in
1722 2259 1789 2333 hac

512 2413 641 2462 mensa
677 2388 751 2461 sint
777 2385 842 2460 tibi
871 2385 1045 2460 libamina
1072 2401 1233 2482 accepta,
1265 2385 1338 2459 sint
1364 2402 1486 2482 grata,
1522 2385 1596 2459 sint
1623 2386 1786 2484 pinguia,

451 2551 481 2602 15
511 2532 549 2604 et
577 2513 735 2612 Spiritus
763 2511 878 2587 sancti
898 2511 950 2586 tui
980 2537 1128 2609 semper
1149 2536 1231 2586 rore
1254 2511 1420 2608 perlusa:
1442 2527 1483 2586 ut
1502 2511 1602 2586 omni
1622 2527 1789 2609 tempore

512 2641 547 2715 in
568 2640 737 2716 hocloco
757 2637 997 2736 supplicantis
1025 2637 1089 2711 tibi
1110 2635 1268 2712 familiae
1297 2654 1382 2712 tuae
1401 2639 1606 2712 anxietates
1635 2635 1787 2720 releves,

510 2766 762 2864 aegritudines
781 2790 896 2850 cures,
914 2788 1042 2860 preces
1061 2763 1248 2848 exaudiar,
1265 2779 1353 2837 vota
1372 2763 1561 2860 suscipias,
1580 2761 1789 2838 desiderata

509 2893 714 2979 confirmes,
745 2890 931 2989 postulata
959 2889 1152 2965 concedas.
1182 2915 1258 2986 per.

620 3024 679 3094 26.
718 3018 860 3092 Deinde
894 3018 1018 3092 dr‘cont
1055 3015 1289 3113 antiphonam
1330 3017 1459 3090 istam:
1489 3017 1678 3092 Confirma
1719 3016 1789 3092 hoc

652 3293 679 3344 3.
700 3275 910 3332 dilectissimi...
931 3275 1132 3344 deprecemur:
1154 3272 1350 3341 deprecemur,
1371 3270 1558 3328 dilectissimi.
1578 3274 1612 3328 C.
1633 3305 1666 3314 —
1686 3290 1712 3340 4.
1734 3275 1790 3329 hoc

580 3359 701 3413 altare...
716 3355 952 3420 consecrandum,
972 3373 1029 3410 mo.
1044 3354 1205 3424 posteriori
1221 3359 1310 3422 supro
1323 3354 1375 3407 lin.
1390 3353 1558 3422 inscriptum
1571 3355 1700 3422 plural„-
1719 3355 1790 3409 haec

579 3437 925 3494 altaria...consecranda.
940 3467 974 3476 -
988 3451 1014 3502 5.
1028 3443 1178 3491 exorante:
1199 3441 1342 3489 exoratus.
1362 3435 1396 3488 C.
1412 3465 1444 3472 -
1458 3438 1485 3489 6.
1506 3443 1553 3489 ut:
1569 3444 1607 3488 et.
1627 3435 1662 3489 C.
1682 3465 1717 3476 —
1735 3451 1787 3490 eo:

579 3527 640 3590 sup.
651 3536 670 3574 o
680 3536 736 3574 mo.
741 3518 901 3588 posteriori
912 3517 936 3571 is
940 3523 998 3586 pro
1002 3515 1125 3585 plurali.
1139 3544 1174 3559 -
1184 3517 1211 3570 8.
1223 3513 1362 3582 precanti:
1375 3514 1393 3579 i,
1405 3530 1483 3570 corr.
1492 3531 1550 3569 mo.
1567 3515 1727 3583 posteriori
1749 3532 1789 3570 ex

579 3617 623 3659 ae.
638 3630 672 3640 -
686 3617 712 3668 9.
728 3609 892 3668 promptus:
908 3615 986 3653 corr.
997 3615 1037 3654 ex
1046 3604 1191 3665 promtus;
1206 3611 1235 3650 0.
1249 3613 1266 3650 ε
1278 3612 1334 3650 mo.
1349 3594 1518 3664 inscriptum
1531 3596 1561 3650 in
1576 3613 1604 3650 u.
1619 3624 1653 3639 -
1666 3595 1786 3652 adsisat:

579 3683 602 3736 C
621 3681 711 3735 addit:
729 3681 791 3734 Per.
806 3709 839 3723 -
855 3695 897 3733 11.
913 3679 1006 3734 Deus:
1028 3679 1210 3746 Quaesumus
1228 3675 1411 3743 omnipotens
1423 3675 1512 3730 Deus.
1523 3677 1557 3730 C.
1573 3707 1605 3716 -
1619 3675 1721 3731 altare:
1742 3693 1788 3732 su·

573 3768 632 3830 pro
650 3779 667 3816 e
682 3777 739 3815 mo.
754 3760 914 3829 posteriori
931 3759 958 3814 ia
970 3765 1028 3827 pro
1041 3760 1122 3827 plur.
1143 3756 1272 3824 inscript.
1295 3787 1326 3795 -
1346 3757 1410 3820 hoc,
1431 3760 1464 3810 ot
1480 3759 1592 3811 videtur
1609 3773 1635 3811 r.
1656 3773 1725 3819 mo„
1741 3758 1791 3811 sed

578 3843 672 3898 literis
690 3840 891 3896 minutioribus
906 3843 1060 3910 suppletum
1080 3839 1110 3892 in
1127 3838 1261 3906 margine
1267 3854 1279 3898 ,·
1296 3841 1325 3892 et
1340 3843 1428 3904 supro
1442 3843 1499 3905 pro
1513 3837 1641 3905 plurali:
1660 3853 1710 3892 aec
1728 3853 1785 3892 mo.

573 3928 681 3992 poster.
702 3953 736 3966 -
755 3922 810 3977 sub
827 3921 1008 3977 invocatione
1021 3920 1062 3976 tui
1082 3917 1221 3973 nominis:
1242 3919 1321 3972 omit.
1342 3921 1375 3972 C.
1391 3949 1424 3958 -
1440 3935 1482 3985 13.
1503 3920 1557 3972 hac
1575 3934 1688 3972 mensa:
1703 3924 1788 3987 super

578 4009 696 4074 utroque
713 4021 731 4057 a
749 4020 806 4058 mo.
815 4001 961 4070 posterior
974 4003 1037 4056 odd.
1054 4001 1076 4054 is
1083 4007 1141 4070 pro
1148 4001 1230 4068 plur.
1246 4029 1279 4037 —
1295 4015 1336 4064 15.
1353 3999 1476 4066 Spiritus
1494 3999 1600 4054 sancti:
1621 3999 1710 4055 sancti
1724 3998 1788 4066 spi-

578 4086 655 4143 ritus.
674 4087 707 4138 C.
724 4115 756 4124 -
778 4088 819 4138 16.
840 4083 905 4138 tibi:
926 4099 982 4137 om.
1003 4085 1035 4137 C.

554 4334 602 4391 ²4·
628 4313 697 4374 Gel.
724 4317 788 4374 610
803 4312 904 4391 (134),
923 4311 1001 4373 Ord.
1023 4312 1114 4372 Rom.
1138 4328 1208 4386 145,
1226 4307 1320 4370 Gerb.
1339 4315 1391 4385 48,
1413 4309 1495 4370 Mur.
1514 4315 1588 4387 483,
1607 4308 1691 4370 Men.
1715 4329 1784 4386 149,

507 4415 598 4476 Mart.
624 4411 702 4474 Ord.
730 4411 753 4482 Ι,
779 4410 836 4483 ΙΙΙ,
863 4409 949 4472 Miss.
977 4411 1087 4472 Franc.
1114 4413 1188 4486 677,

551 4531 601 4589 ²5-
627 4511 712 4574 Pam.
750 4530 824 4588 424,
849 4509 918 4572 Gel.
945 4515 1004 4571 611
1032 4510 1134 4586 (134),
1160 4506 1238 4569 Ord.
1266 4508 1356 4569 Rom.
1384 4505 1425 4578 ib,
1452 4505 1539 4568 Miss.
1571 4505 1681 4566 Franc.
1709 4511 1782 4585 678,

505 4612 597 4672 Mart.
623 4610 701 4674 Ord.
729 4609 751 4680 l,
779 4609 819 4680 ll,
846 4608 903 4680 lll,
930 4609 1013 4669 Men.
1044 4627 1114 4683 149,
1141 4606 1223 4668 Mur.
1241 4596 1323 4683 484.
1349 4604 1444 4666 Gerb.
1471 4611 1522 4681 48.

550 4712 599 4771 26.
637 4708 715 4770 Ord.
753 4708 845 4770 Rom.
883 4706 935 4776 ib.,
968 4707 1050 4766 Men.
1092 4724 1169 4782 150,
1204 4705 1286 4765 Mur.
1313 4708 1395 4781 486,
1420 4702 1516 4764 Gerb.
1543 4709 1601 4780 48,
1627 4702 1683 4782 qui
1712 4715 1783 4782 post

508 4809 620 4868 Gloria
643 4805 748 4868 statim
773 4804 882 4868 subdit
898 4805 1000 4866 rubr.:
1020 4826 1037 4860 «
1056 4803 1181 4864 Deinde
1204 4813 1347 4865 tenentes
1362 4799 1577 4862 subdiaconus
1600 4800 1650 4861 vel
1673 4800 1781 4863 acoliti

506 4929 522 4961 «
539 4904 723 4971 linteamina
738 4903 787 4966 vel
803 4903 910 4966 omnia
927 4913 1112 4965 ornamenta
1124 4901 1274 4964 ecclesiae
1290 4919 1344 4962 seu
1364 4919 1439 4961 vasa
1455 4919 1543 4961 sacra
1559 4919 1782 4980 quaecumque

505 5004 579 5065 «ad
596 5003 716 5072 cultum
735 5003 795 5067 Dei
819 5003 860 5069 ad
876 5000 1039 5065 ecclesiam
1057 5000 1214 5082 pertinere
1231 4999 1374 5071 debetur,
1393 4997 1551 5060 benedicit
1569 4995 1776 5066 Pontifex...»

502 5102 594 5164 Mart.
620 5099 697 5166 Ord.
725 5101 764 5164 11.
792 5100 848 5163 111.
