4078 6126
490 509 525 572 84
890 509 1156 564 PONTIFICALE
1181 507 1291 565 SAEC.
1320 510 1372 565 IX.

491 759 691 844 bonorum;
715 759 869 855 agnovit
895 759 1011 832 virum
1042 758 1295 834 fabricatorem
1322 759 1413 833 caeli
1433 785 1475 833 ac
1497 775 1626 844 terrae,
1649 773 1688 832 et
1707 783 1771 854 po·

492 884 737 957 tentissimum
766 884 915 959 humani
944 886 1093 983 generis
1120 887 1359 972 conditorem,
1386 886 1434 959 de
1457 886 1561 960 cuius
1590 885 1771 982 sapientia

492 1009 639 1082 dicitur:
662 1009 799 1082 Omnia
819 1010 855 1081 in
876 1035 1048 1084 mensura
1069 1011 1104 1083 in
1124 1011 1290 1108 pondere
1310 1027 1348 1084 et
1365 1036 1519 1085 numero
1538 1009 1768 1084 constituisti.

492 1135 596 1208 Vidit
630 1152 667 1209 et
695 1135 846 1209 domum
882 1161 994 1234 quam
1029 1136 1302 1224 aedificaverat,
1339 1138 1477 1222 idest,
1514 1136 1772 1211 incarnationis

449 1285 463 1334 5
492 1261 652 1334 hominis
679 1262 851 1346 assumti;
880 1261 928 1335 de
956 1287 1030 1359 qua
1058 1263 1171 1337 domo
1194 1264 1281 1337 dicit
1309 1263 1516 1361 apostolus:
1539 1264 1580 1335 ln
1608 1287 1685 1360 quo
1712 1239 1800 1334 ha?

492 1388 585 1461 bitat
612 1387 732 1459 omnis
760 1386 952 1482 plenitudo
971 1388 1171 1463 divinitatis
1203 1389 1449 1487 corporaliter.
1476 1388 1578 1461 Vidit
1605 1405 1644 1461 et
1670 1388 1772 1461 cibos

493 1514 714 1598 Salomonis
746 1514 783 1586 id
811 1531 877 1598 est,
899 1513 1000 1587 velut
1018 1513 1106 1587 illud
1126 1515 1173 1589 de
1192 1516 1328 1613 quibus
1346 1515 1507 1589 dicebat:
1535 1515 1645 1588 Meus
1669 1513 1772 1586 cibus

492 1656 550 1713 est
578 1657 618 1712 ut
646 1639 777 1713 faciam
804 1638 1032 1715 voluntatem
1069 1641 1149 1714 eius
1177 1641 1239 1738 qui
1270 1641 1368 1714 misit
1396 1667 1455 1714 me
1484 1641 1617 1714 Patris:
1656 1639 1772 1713 Cibus

494 1764 629 1838 Christi
658 1781 716 1837 est
750 1763 849 1837 salus
878 1781 1022 1838 nostra:
1052 1765 1213 1839 reficitur
1239 1765 1460 1839 caelestibus
1493 1764 1623 1862 epulis,
1654 1762 1774 1860 pros·

434 1927 466 1963 10
492 1891 611 1963 ctibus
640 1890 766 1963 nostri.
789 1889 905 1963 Cibus
934 1891 1014 1963 eius
1043 1917 1181 1976 sumus,
1203 1891 1292 1964 dum
1321 1891 1494 1990 adquisiti
1526 1889 1715 1964 Ecclesiae
1736 1888 1772 1961 in

388 2049 392 2056 ·
493 2016 658 2089 membra
685 2015 766 2110 ejus
794 2041 1003 2113 corpusque
1032 2017 1240 2103 transimus
1271 2015 1328 2090 vel
1351 2017 1421 2091 cibi
1453 2017 1533 2090 eius
1561 2015 1686 2090 altaris
1714 2041 1774 2088 sa·

493 2158 679 2215 eramenta
706 2140 879 2214 caelestia
900 2140 948 2214 de
976 2143 1111 2238 quibus
1139 2141 1286 2216 dicitur:
1310 2143 1447 2217 Panem
1467 2141 1556 2216 caeli
1585 2141 1689 2215 dedit
1706 2141 1770 2223 eis

494 2293 628 2365 panem
665 2267 883 2365 angelorum
922 2268 1156 2342 manducavit
1190 2268 1313 2342 homo.
1344 2268 1454 2341 'Vidit
1489 2286 1527 2342 et
1559 2266 1774 2341 holocausta

494 2394 593 2491 ejus:
622 2393 829 2466 orationum
859 2392 939 2465 sine
966 2393 1081 2467 dubio
1109 2394 1494 2492 supplicationumque
1523 2393 1705 2490 mysteria,
1737 2408 1774 2464 ct

435 2550 465 2600 15
495 2521 703 2616 obstupuit;
734 2520 781 2592 ibi
810 2520 901 2595 vidit
929 2520 1216 2595 inaestimabiles
1248 2522 1393 2595 divitias
1428 2521 1580 2594 Domini
1615 2520 1688 2604 sui,
1723 2517 1774 2590 di·

497 2648 623 2743 xitque
651 2645 697 2718 ad
727 2671 869 2744 regem:
892 2648 1013 2720 Verus
1041 2663 1098 2720 est
1120 2671 1242 2720 sermo
1265 2673 1377 2745 quem
1398 2647 1585 2720 audieram
1615 2646 1651 2719 in
1680 2663 1776 2718 terra

498 2798 581 2846 mea
608 2798 720 2869 super
747 2773 980 2846 sermonibus
1008 2773 1091 2858 tuis,
1123 2789 1160 2846 et
1189 2774 1500 2871 supersapientia
1527 2789 1609 2858 tua;
1639 2788 1677 2845 et
1701 2795 1773 2845 non

497 2899 691 2972 credebam
722 2897 963 2984 narrantibus,
993 2898 1112 2972 donec
1142 2899 1221 2995 ipsa
1240 2899 1334 2987 veni,
1356 2915 1395 2972 et
1422 2899 1494 2971 vidi
1524 2897 1639 2972 oculis
1667 2897 1770 2980 meis,

498 3044 536 3100 et
564 3024 714 3123 probavi
739 3024 840 3120 quod
870 3024 990 3098 media
1010 3050 1094 3121 pars
1114 3024 1200 3097 mihi
1225 3025 1391 3098 nuntiata
1421 3049 1495 3098 non
1525 3024 1665 3098 fuisset.
1698 3023 1775 3096 Ma-

435 3173 468 3208 20
493 3153 577 3249 jora
605 3165 691 3223 sunt
718 3150 899 3246 sapientia
935 3166 973 3223 et
1000 3175 1114 3246 opera
1149 3167 1228 3236 tua,
1264 3177 1376 3249 quam
1412 3175 1538 3224 rumor
1568 3175 1680 3248 quem
1714 3174 1775 3223 au-

497 3279 582 3351 divi.
614 3278 709 3352 Cum
739 3302 830 3374 ergo
858 3277 1066 3373 pervenerit
1093 3277 1223 3374 regina
1251 3277 1352 3361 haec,
1384 3277 1461 3349 sive
1500 3275 1664 3350 Ecclesia
1699 3277 1776 3349 sive

498 3427 669 3499 quaeque
697 3402 820 3474 anima
848 3415 985 3485 sancta,
1016 3426 1099 3472 cum
1129 3401 1337 3497 pervenerit
1354 3400 1402 3474 ad
1421 3415 1610 3473 aeternam
1633 3400 1776 3497 Hyeru-

498 3527 623 3612 salem,
655 3526 691 3599 id
720 3542 787 3611 est,
817 3525 996 3598 visionem
1025 3526 1137 3623 pacis,
1165 3543 1203 3598 et
1232 3526 1401 3624 ingressa
1420 3525 1529 3598 suerit
1546 3526 1695 3600 beatam
1723 3550 1776 3598 re·

498 3655 621 3751 quiem
650 3670 688 3726 et
715 3652 870 3751 gloriam
905 3652 1118 3727 caelestium
1147 3653 1431 3749 promissorum,
1463 3651 1580 3726 multo
1608 3653 1712 3750 plura
1739 3671 1778 3726 et

435 3823 467 3872 25
499 3778 814 3876 magnificentiora
841 3778 1075 3875 perspicient,
1106 3803 1218 3874 quam
1247 3779 1280 3852 ei
1310 3778 1460 3852 suntin
1491 3776 1559 3851 hac
1587 3794 1683 3852 terra
1710 3804 1778 3875 per

498 3929 600 3978 sacra
628 3903 785 4000 eloquia,
816 3928 882 3998 per
910 3902 1111 3999 prophetas
1129 3919 1243 4001 atque
1261 3903 1452 4000 apostolos
1472 3904 1656 3978 nuntiata:
1679 3930 1777 3978 nunc

497 4031 595 4103 enim
631 4045 807 4127 tanquam
836 4027 988 4125 speculo
1020 4028 1120 4102 etin
1150 4029 1358 4126 enigmate;
1388 4047 1475 4103 tunc
1504 4045 1628 4104 autem
1662 4029 1778 4103 oculis

498 4157 574 4228 suis
608 4154 764 4239 videbit,
802 4153 837 4225 id
875 4170 949 4239 est,
985 4154 1076 4227 sacie
1110 4154 1157 4228 ad
1188 4154 1328 4229 faciem.
1367 4155 1463 4229 Cum
1500 4157 1649 4254 inquam
1686 4181 1779 4230 una-

497 4307 668 4379 quaeque
687 4282 810 4355 anima
825 4279 942 4352 fidelis
961 4296 999 4352 et
1017 4296 1144 4354 sancta
1163 4281 1199 4354 in
1221 4280 1282 4354 illo
1297 4281 1445 4355 saeculo
1465 4281 1574 4379 plena
1594 4283 1776 4356 bonorum

434 4459 468 4508 30
498 4433 651 4506 operum
681 4407 856 4480 fructibus
875 4405 1054 4479 exhibens
1074 4407 1110 4480 in
1130 4433 1181 4492 se,
1206 4407 1318 4480 immo
1338 4409 1498 4505 seipsam
1527 4435 1573 4482 ex
1602 4408 1676 4482 imo
1700 4409 1777 4506 (sic)

500 4535 585 4607 Deo
601 4559 668 4606 suo
687 4533 900 4631 praeferens
919 4533 1034 4630 digna
1052 4533 1205 4619 caelum,
1228 4548 1266 4606 et
1279 4533 1421 4608 valetur
1435 4537 1511 4633 (εἰς)
1527 4534 1668 4609 caelum
1689 4535 1778 4609 mul-

498 4659 634 4758 tiplicia
653 4685 805 4733 nomem
824 4684 973 4757 gemma
994 4659 1273 4745 misericordiae,
1297 4659 1455 4734 iustitiae
1476 4662 1703 4758 margaritas,
1726 4661 1778 4733 di-

498 4809 685 4859 versorum
706 4784 948 4858 odoramenta
967 4785 1190 4869 meritorum,
1211 4784 1323 4857 idest
1345 4801 1511 4860 aromata
1530 4786 1779 4882 compunctio-

500 4913 556 4985 nis
578 4929 615 4985 et
634 4911 880 4986 suaveolentis
899 4909 1104 4984 balsamum
1119 4911 1296 4984 castitatis
1316 4911 1537 5007 praeferens,
1562 4912 1656 4985 sicut
1673 4912 1774 4996 dixit,

645 5137 688 5188 27.
708 5122 841 5190 speculo:
862 5137 939 5175 corr.
960 5137 999 5176 ex
1018 5122 1178 5189 speculum.
