4084 6128
495 481 535 518 311
996 457 1275 513 INTRODL'CTIO

497 559 1773 594 Μ

496 709 596 806 quod
616 707 766 804 plenum
786 706 863 790 erit,
886 705 1011 803 quoad
1031 705 1123 788 licet,
1148 705 1177 777 si
1206 720 1244 776 et
1268 702 1419 774 notitiae
1439 701 1628 798 liturgicae
1652 719 1774 775 aucto-

496 861 576 908 rum
605 849 768 907 remotae
788 833 1016 928 antiquitatis
1036 831 1230 904 addentur.
1260 829 1317 900 Ex
1338 827 1461 900 studio
1490 845 1614 900 autem
1642 827 1774 900 horum

497 959 662 1033 omnium
680 957 844 1055 cognitio
864 955 1007 1052 plenior
1025 956 1072 1028 de
1088 954 1337 1028 vetustissimo
1358 970 1459 1025 textu
1485 953 1655 1026 Romano
1673 979 1776 1026 exur-

496 1102 571 1182 get,
602 1101 640 1157 et
669 1082 808 1157 sacilius
836 1083 1004 1178 dignosci
1033 1081 1168 1177 poterit
1196 1079 1288 1152 ratio
1317 1079 1396 1151 eius
1415 1078 1463 1151 ad
1482 1078 1575 1152 alios
1595 1080 1685 1152 ritus
1705 1081 1776 1152 Oc-

397 1206 399 1210 ’
497 1209 699 1282 cidentales
728 1209 895 1281 seriores.

608 1334 770 1428 Quando
784 1349 909 1407 autem
923 1332 1172 1405 vetustissima
1189 1331 1357 1404 Romana
1378 1332 1545 1428 Liturgia
1559 1332 1679 1428 magis
1699 1356 1779 1427 per·

499 1477 626 1557 specta
646 1460 763 1546 luerit,
782 1459 928 1556 (loquor
943 1483 1039 1530 nunc
1059 1474 1201 1530 tantum
1221 1457 1268 1530 de
1289 1458 1456 1554 Liturgia
1475 1457 1596 1530 stricte
1616 1473 1773 1552 sumpta,

500 1612 564 1659 seu
582 1587 629 1658 de
647 1581 779 1688 Missa)
794 1602 879 1657 tunc
894 1582 1040 1656 collatio
1061 1585 1141 1656 eius
1161 1609 1244 1655 cum
1265 1582 1527 1666 Orientalibus
1550 1582 1776 1678 Aegyptiam

499 1712 592 1796 dicu,
625 1711 895 1784 Antiochenam
933 1727 971 1783 et
1006 1709 1278 1794 Nestorianam,
1317 1708 1454 1780 institui
1491 1708 1635 1803 poterit.
1673 1707 1778 1801 Quas

500 1853 623 1911 tamen
657 1854 768 1910 antea
789 1837 971 1910 discutere
994 1837 1189 1932 oportebit,
1214 1852 1254 1908 ut
1275 1835 1495 1908 diiudicetur
1514 1861 1699 1932 quaenam
1718 1862 1780 1909 an-

500 1963 707 2060 tiquissima
743 1962 826 2045 sint,
866 1978 904 2035 et
936 1987 1121 2058 quaenam
1159 1978 1325 2058 tempore
1363 1960 1587 2056 procedente
1624 1961 1781 2056 plurima

501 2088 628 2161 addita
661 2087 805 2173 suerint,
843 2087 1009 2183 partibus
1043 2087 1308 2185 antiquissimis
1351 2087 1504 2159 servatis
1538 2087 1682 2184 integre
1722 2087 1779 2159 vel

504 2213 621 2286 forma
636 2212 755 2286 solum
771 2214 931 2286 mutatis.
951 2213 1127 2310 Perpauci
1148 2212 1245 2286 enim
1262 2212 1402 2308 antiqui
1418 2211 1499 2286 libri
1516 2213 1647 2285 harum
1666 2213 1782 2285 Litur-

502 2339 646 2436 giarum
675 2353 811 2422 extant,
836 2355 874 2410 et
902 2338 1021 2410 solum
1042 2339 1259 2436 exiguarum
1280 2339 1455 2433 partium;
1475 2337 1622 2411 codices
1641 2355 1777 2420 autem,

503 2491 550 2538 ex
583 2465 718 2562 quibus
753 2449 935 2538 editiones
976 2464 1208 2560 prodierunt,
1247 2464 1277 2535 si
1314 2463 1556 2536 Barberinum
1593 2463 1781 2559 Liturgiae

505 2590 629 2664 Basilii
664 2607 702 2663 et
738 2589 992 2684 Chrysostomi
1027 2591 1198 2687 excipias,
1239 2614 1399 2684 eumque
1433 2590 1564 2685 partim
1600 2589 1778 2675 mutilum,

504 2717 567 2813 qui
596 2731 653 2789 est
681 2715 764 2788 finis
793 2741 887 2788 saec.
919 2716 1021 2800 Vlll,
1047 2716 1157 2788 ceteri
1186 2741 1209 2787 a
1237 2715 1309 2788 fine
1339 2715 1473 2788 saeculi
1500 2715 1555 2786 IX
1586 2715 1781 2810 incipiunt;

505 2844 651 2916 sivero
680 2841 802 2916 Basilii
832 2858 869 2914 et
898 2839 1152 2935 Chrysostomi
1177 2843 1334 2915 seriores
1362 2841 1440 2914 libri
1469 2867 1552 2914 cum
1583 2842 1784 2916 Barberino

505 2968 749 3053 conserantur,
781 2967 891 3064 plane
926 2983 1082 3064 apparet
1115 2966 1229 3040 multa
1262 2985 1347 3063 post
1381 2967 1477 3040 hunc
1509 2967 1636 3040 addita
1671 2967 1784 3039 luisse

505 3094 702 3190 antiquiori
731 3095 857 3179 textui,
888 3109 928 3166 ut
957 3093 1092 3166 lactum
1114 3092 1242 3166 Medio
1265 3094 1371 3166 Aevo
1393 3095 1428 3166 in
1450 3094 1621 3166 Romano
1640 3109 1677 3165 et
1696 3093 1785 3163 Am·

507 3221 681 3293 brosiano
701 3220 814 3305 initi0,
837 3220 872 3292 in
896 3219 1083 3292 offertorio
1101 3236 1141 3292 et
1163 3219 1211 3292 ad
1229 3221 1547 3304 communionem;
1569 3219 1631 3315 qui
1660 3234 1783 3291 tamen

507 3371 596 3442 prae
625 3345 777 3419 Graecis
806 3345 917 3442 plena
944 3345 1017 3418 fide
1046 3363 1190 3418 veteres
1226 3346 1366 3441 priores
1400 3363 1523 3442 partes
1558 3344 1784 3418 adamussim

507 3472 747 3544 retinuerunt.
779 3471 836 3544 Ex
863 3471 985 3544 critica
1004 3470 1261 3570 disquisitione
1285 3470 1485 3567 probabilis
1505 3471 1622 3543 sorma
1640 3486 1786 3543 vetusta

509 3597 754 3671 Orientalium
785 3597 1032 3694 Liturgiarum
1062 3598 1264 3693 apparebit,
1287 3613 1324 3670 et
1352 3623 1435 3669 cum
1454 3613 1600 3670 vetusta
1619 3596 1785 3669 occiden-

509 3721 570 3795 tali
599 3721 755 3794 conserri
789 3723 933 3817 poterit.
965 3722 1074 3816 Quae
1101 3721 1158 3794 vel
1193 3747 1289 3795 nunc
1324 3722 1360 3794 in
1399 3721 1605 3817 praecipuis
1640 3745 1785 3794 concor·

509 3847 634 3920 dantia
662 3847 900 3944 dignoscitur,
932 3847 1134 3943 pleniorem
1164 3873 1204 3920 se
1224 3847 1366 3943 prodet,
1388 3847 1515 3932 credo;
1537 3849 1653 3922 maior
1676 3848 1786 3920 etiam

509 3973 704 4046 verborum
727 3973 969 4046 consonantia
989 3974 1199 4069 reperietur,
1222 3974 1251 4045 si
1271 3974 1466 4046 varietates
1486 3973 1653 4047 verbales
1671 3974 1786 4047 orien-

510 4098 602 4172 tales
637 4114 674 4171 et
702 4099 948 4172 occidentales
982 4099 1030 4172 ad
1065 4099 1219 4174 sormam
1255 4100 1512 4195 primigeniam
1547 4099 1787 4197 apostolicam

510 4239 736 4310 revocentur,
758 4250 855 4321 quae
874 4224 1031 4299 dialecto
1047 4224 1310 4299 Palaestinensi
1328 4225 1492 4298 semitica
1505 4227 1687 4299 utebatur.
1707 4226 1789 4300 Hac

511 4350 609 4422 enim
635 4348 841 4445 Apostolos
864 4351 1021 4446 primum
1049 4376 1137 4423 usos
1168 4350 1280 4423 luisse
1308 4376 1391 4423 cum
1422 4353 1599 4447 lllysteria
1626 4352 1791 4426 celebra-

512 4475 610 4559 bant,
643 4474 730 4547 mihi
750 4475 895 4548 videtur
916 4476 1048 4549 rationi
1075 4477 1282 4562 convenire,
1304 4493 1342 4550 et
1372 4477 1488 4572 stylus
1511 4479 1590 4574 ipse
1611 4477 1786 4562 CanoniS,

512 4598 642 4673 saltem
669 4601 763 4673 circa
791 4601 1117 4686 consecrationem,
1140 4602 1276 4676 indicat
1296 4603 1331 4676 in
1354 4603 1584 4677 Occidentali
1610 4603 1788 4700 Liturgia.

514 4721 609 4796 Cum
622 4723 693 4796 huc
713 4741 929 4821 perventum
947 4725 1064 4810 suerit,
1083 4743 1122 4799 ut
1138 4751 1354 4800 communes
1369 4728 1639 4800 vetustissimas
1654 4744 1788 4825 partes

512 4864 692 4944 quantum
715 4847 792 4922 fieri
812 4851 987 4946 potuerit,
1010 4851 1298 4948 dignoverimus,
1321 4852 1396 4925 duo
1415 4853 1649 4948 apparebunt
1671 4853 1792 4926 discri-

514 4972 630 5058 mina;
647 4999 761 5047 unum
777 4994 835 5048 est
849 4976 884 5049 in
899 4976 1021 5050 verbis
1039 4977 1325 5050 consecrationis
1345 4978 1451 5073 panis
1468 4993 1594 5073 typum
1613 4977 1792 5051 Matthaei
