4078 6126
431 533 583 594 IORDO,
605 533 656 586 EX
675 533 823 586 CODICE
844 531 1063 586 HERIBERTI
1084 531 1390 586 ARCHIEPISCOPI
1495 548 1545 598 103

267 809 377 868 creas,
399 784 423 878 †
442 781 656 857 Sanctificas
675 783 699 876 †
719 780 901 867 Vivificas
922 781 946 868 †
967 781 1177 868 Benedicis;
1199 798 1237 856 et
1264 781 1371 856 nobis
1401 781 1545 855 famulis

267 909 338 981 tuis
369 907 520 1005 largiter
550 923 717 1006 praestas
753 906 800 981 ad
828 922 1071 1004 augmentum
1102 906 1188 981 fidei
1217 923 1255 981 et
1289 906 1544 980 remissionem

267 1035 430 1107 omnium
458 1049 692 1130 peccatorum
715 1048 934 1106 nostrorum.
958 1033 1007 1105 Et
1025 1049 1083 1106 est
1104 1033 1168 1107 tibi
1190 1033 1275 1106 Deo
1306 1033 1402 1107 Patri
1430 1033 1545 1106 omni-

267 1159 417 1256 potenti,
448 1185 494 1236 ex
517 1160 599 1258 ipso
619 1175 657 1232 et
677 1184 743 1255 per
771 1158 891 1254 ipsum
918 1174 956 1232 et
984 1157 1139 1256 inipso,
1170 1158 1291 1232 omnis
1319 1157 1447 1244 honor,
1478 1158 1545 1230 vir-

268 1303 336 1370 tus,
366 1285 447 1358 laus
475 1303 513 1360 et
540 1283 668 1382 gloria,
694 1283 899 1381 imperium,
930 1282 1159 1380 perpetuitas
1187 1299 1225 1357 et
1252 1299 1429 1380 potestas.
1591 1311 1606 1361 s

372 1411 443 1486 Per
470 1409 611 1486 infinita
639 1408 787 1482 saecula
814 1407 1056 1483 saeculorum.
1086 1409 1221 1481 Amen.

700 1533 788 1606 Post
812 1533 1105 1629 confractorz'um.

376 1687 433 1738 11.
456 1661 576 1759 Ipsius
596 1677 833 1759 praeceptum
854 1677 921 1746 est,
946 1661 1119 1747 Domine,
1141 1661 1242 1760 quod
1262 1661 1419 1758 agimus
1441 1662 1545 1735 cuius

267 1813 361 1863 nunc
380 1805 417 1864 te
436 1786 645 1886 praesentia
663 1783 909 1883 postulamus:
934 1788 995 1860 Da
1014 1786 1190 1861 sacrificio
1209 1804 1397 1861 auctorem
1418 1814 1542 1874 suum;

266 1912 458 2014 impleatur
475 1913 568 1986 fides
587 1913 639 1985 rei
669 1913 703 1985 in
725 1911 948 1987 sublimitate
976 1913 1150 2009 mysterii,
1181 1932 1223 1986 ut
1241 1914 1335 1987 sicut
1352 1914 1544 1987 veritatem
1576 1949 1607 1984 10

265 2038 432 2116 caelestis
451 2038 613 2113 sacrificii
633 2038 860 2135 exequimur,
891 2040 942 2112 sic
970 2039 1159 2113 veritatem
1190 2039 1361 2113 dominici
1381 2040 1544 2136 corporis

266 2181 303 2240 et
329 2164 522 2262 sanguinis
556 2163 782 2248 hauriamus,
815 2189 881 2260 per
915 2164 1077 2238 eundem
1115 2162 1303 2239 Christum
1340 2165 1544 2238 Dominum

266 2309 430 2365 nostrum
457 2289 640 2364 dicentes:

370 2417 478 2488 Pater
506 2431 640 2502 noster,
671 2415 734 2511 qui
763 2440 805 2487 es
832 2414 870 2486 in
898 2412 1019 2488 caelis

707 2539 795 2612 Post
820 2540 1109 2612 communionem.

377 2693 433 2741 12.
465 2668 628 2740 Domine
664 2667 770 2739 Deus
806 2682 950 2750 noster,
989 2666 1152 2740 concede
1184 2669 1382 2765 propitius:
1413 2685 1454 2744 ut
1481 2671 1543 2767 qui

268 2793 458 2890 Unigeniti
487 2793 538 2864 tui
567 2791 793 2887 sumpsimus
820 2816 954 2887 corpus
982 2808 1021 2864 et
1048 2793 1280 2890 sanguinem,
1310 2794 1358 2868 ab
1387 2794 1544 2870 infidelis

264 2917 429 3014 discipuli
458 2917 655 2991 reddamur
676 2917 851 2991 caecitate
871 2915 997 3004 divisi;
1027 2916 1091 3014 qui
1121 2917 1308 2992 Christum
1339 2921 1543 2994 Dominum

266 3060 428 3117 nostrum
464 3069 592 3117 verum
637 3043 762 3116 Deum
805 3040 1069 3139 hominemque
1107 3043 1264 3120 latemur
1298 3061 1336 3119 et
1369 3046 1540 3122 colimus:

265 3169 326 3265 qui
355 3185 487 3242 tecum.
1572 3219 1606 3254 20

334 3497 362 3549 B
406 3431 432 3480 5.
453 3423 481 3468 et
500 3413 604 3481 gloria:
626 3423 664 3476 et,
684 3431 740 3467 om.
762 3415 822 3469 cod.
842 3417 934 3486 Berg.
953 3446 986 3460 -
1008 3434 1050 3472 ιο.
1073 3418 1240 3486 impleatur:
1254 3429 1286 3474 ut
1299 3419 1467 3488 impleatur;
1481 3423 1541 3476 cod.

362 3513 426 3565 erg.

265 3713 325 3774 olei
349 3713 545 3774 infirmorum
572 3711 807 3774 benedictione:
833 3723 937 3774 tamen
962 3713 994 3775 in
1019 3736 1083 3795 seq.
1105 3716 1228 3779 Ordine
1251 3739 1289 3779 ex
1313 3720 1458 3792 Beroldo,
1484 3743 1545 3783 ser-

265 3812 343 3873 vatis
366 3811 515 3874 omnibus
539 3809 635 3872 huius
659 3811 672 3870 1
691 3810 832 3883 Ordinis,
856 3811 985 3892 insuper
999 3825 1171 3876 occurrunt
1193 3816 1259 3878 duo
1282 3817 1447 3880 exorcismi
1465 3819 1545 3882 chri-

265 3909 373 3972 smatis
393 3921 424 3971 et
440 3909 501 3971 olei
521 3909 830 3981 catechumenorum,
850 3930 971 3972 necnon
989 3911 1056 3990 ipsa
1073 3913 1252 3975 benedictio
1268 3914 1329 3976 olei
1346 3915 1543 3980 infirmorum

265 4008 399 4070 mutuati
423 4007 463 4069 ab
487 4007 565 4068 Ord.
594 4009 686 4068 Rom.
711 4009 777 4084 (63,
805 4014 863 4085 65,
891 4005 960 4093 66);
985 4009 1062 4071 haec
1085 4011 1206 4082 omnia,
1231 4013 1360 4075 seorsim
1385 4037 1403 4076 a
1427 4017 1545 4095 praesa-

265 4105 349 4167 tione
373 4105 553 4167 chrismatis
575 4118 607 4166 et
625 4104 844 4166 benedictione
860 4105 921 4167 olei
938 4108 1246 4182 catechumenorum,
1264 4112 1386 4190 repperi
1412 4113 1442 4174 in
1460 4115 1544 4176 calce

270 4204 340 4268 cod.
361 4203 509 4266 ecclesiae
528 4202 790 4282 Metropolitanae
810 4200 879 4287 (ms.
898 4226 977 4267 saec.
1003 4206 1080 4266 XlV
1097 4207 1183 4278 olim,
1203 4211 1287 4288 sign.
1307 4211 1341 4270 F.
1361 4209 1415 4296 50)
1432 4211 1463 4272 in
1480 4233 1544 4292 quo

268 4303 417 4382 leguntur
433 4323 540 4382 preces
556 4300 839 4380 archiepiscopales
855 4303 894 4364 ad
912 4304 1073 4377 scrutinia,
1092 4305 1133 4366 ad
1157 4306 1268 4368 bened.
1295 4307 1439 4382 sontium,
1456 4321 1487 4372 et
1503 4310 1543 4371 ad

265 4399 466 4480 baptismum.

313 4519 361 4559 11.
386 4499 481 4561 Gerb.
508 4519 559 4576 77.

314 4617 361 4658 12.
386 4597 480 4659 Gerb.
506 4616 559 4676 77.
