4078 6126
756 513 883 568 INDEX
909 512 1049 567 RERUM
1495 521 1544 574 143

325 754 398 817 alba
415 773 488 816 curn
506 749 685 820 dalmatica,
703 747 777 810 item
799 770 848 810 ca·

326 852 443 915 nebant
467 848 598 910 Missam
622 867 694 908 cum
711 845 847 908 diacono

323 961 355 1013 et
370 947 569 1011 subdiacono
585 944 706 1006 indutis
721 944 793 1016 alba
817 955 848 1005 et

325 1046 494 1111 dalmatica
517 1066 548 1125 p.
574 1063 627 1122 40,
652 1052 717 1104 not.
732 1041 847 1122 —ipsi

324 1148 382 1212 soli
420 1146 627 1226 imponebant
662 1165 776 1206 manus
815 1144 846 1206 in

325 1246 537 1311 Ordinatione
588 1243 847 1324 presbyterorum

326 1375 356 1434 Ρ·
383 1369 434 1428 45,
461 1370 490 1410 n·
519 1367 569 1426 ²7·
816 1426 819 1438 ,

261 1452 399 1516 Ordines
420 1447 558 1510 minores
572 1446 707 1509 diversis
730 1457 849 1526 tempo-

326 1550 414 1612 ribus
438 1546 573 1608 instituti
599 1566 629 1625 p.
656 1565 707 1624 35,
734 1567 764 1607 n.
792 1566 819 1624 5.

260 1649 419 1712 Ordinum
433 1665 594 1708 sacrorum
606 1644 738 1706 materia
746 1657 777 1707 et
790 1645 848 1707 lor·

326 1771 377 1811 ma
400 1746 507 1809 valida
522 1767 561 1807 ex
584 1744 726 1826 antiquis
749 1767 848 1808 sacra-

327 1845 489 1910 mentariis
506 1843 672 1924 utriusque
689 1843 849 1906 Ecclesiae

326 1943 473 2026 arguitur
495 1962 526 2022 p.
545 1961 596 2019 32,
615 1952 680 2007 not.
698 1978 738 1988 -
756 1942 850 2004 colla·

327 2045 372 2106 tio
382 2040 847 2105 sacrorumOrdinumaddiem

326 2139 522 2205 domiuicum
549 2138 683 2219 pertinet
715 2177 754 2186 -
784 2160 849 2202 mo·

328 2243 389 2306 dus
403 2263 468 2322 quo
493 2244 528 2305 fit
544 2242 576 2303 in
599 2240 696 2302 Missa
713 2242 849 2303 Ambro-

326 2342 416 2405 siana
431 2364 460 2422 p.
479 2363 531 2420 33,
549 2351 624 2412 not,
638 2361 668 2420 p.
683 2361 735 2418 49,
750 2361 779 2402 n.
795 2347 846 2418 36.

262 2440 432 2504 Praefatio:
455 2440 516 2502 hoc
532 2459 647 2501 nomen
672 2459 735 2500 nou
757 2451 792 2501 ut
815 2439 847 2500 in

325 2539 484 2601 hodierno
512 2558 571 2601 usu
600 2536 773 2618 aliquando
801 2557 848 2598 ac-

328 2639 444 2720 cipitur
468 2660 497 2718 p.
524 2640 596 2701 XX.

262 2737 462 2818 Praepositus
474 2738 506 2799 S.
519 2735 695 2800 Ambrosii:
709 2737 752 2816 (v.
770 2736 801 2796 Τ
795 2757 848 2796 on-

326 2835 416 2923 sura)
441 2875 480 2883 -
501 2837 583 2900 Petri
608 2835 649 2898 de
673 2837 787 2914 Longo
802 2855 848 2896 ar-

327 2935 473 3016 rogantia
496 2956 555 3015 pro
570 2932 764 2998 vindicando
787 2932 847 3013 pri-

325 3033 444 3114 viIegio
474 3032 653 3096 collationis
683 3034 848 3096 Tonsurae

326 3153 356 3212 p.
384 3153 434 3210 29,
460 3144 526 3196 not.

261 3231 433 3311 Praepositi
467 3231 578 3293 urbani
602 3241 634 3292 et
656 3229 782 3310 plebani
815 3232 846 3293 in

325 3329 537 3392 Mediolanen.
562 3329 681 3392 diocesi
706 3328 848 3410 aliquan·

323 3428 366 3491 do
386 3428 563 3491 clericalem
579 3430 757 3491 Tonsuram
775 3450 848 3492 con·

325 3526 485 3590 serendam
510 3549 539 3607 p.
560 3535 610 3601 28,
632 3549 663 3594 n.
692 3565 733 3574 —
762 3551 848 3609 prae-

325 3627 492 3688 sentabant
527 3647 602 3689 suos
631 3627 672 3689 ad
709 3628 848 3694 Ordines

326 3723 403 3786 ibid.

261 3823 354 3885 Prex:
379 3821 420 3908 (v.
446 3823 633 3896 Benedictio,
652 3846 681 3904 p.
705 3835 737 3886 et
760 3825 847 3910 XX.)

261 3922 462 3986 Primicerius
474 3923 575 3986 maior
582 3927 669 4004 (ante
678 3945 759 3988 saec.
771 3927 847 4006 XV)

327 4020 457 4082 ultimus
491 4033 564 4100 post
594 4021 791 4096 Ordinarios,
816 4037 848 4086 et

325 4117 451 4181 nonnisi
486 4120 526 4180 ab
550 4118 627 4200 ipsis
650 4132 790 4195 vocatus,
815 4123 846 4184 in

325 4217 423 4280 sacris
449 4218 714 4282 Ordinationibus
750 4220 848 4300 impo-

326 4318 421 4379 nebat
444 4337 556 4380 manus
581 4340 610 4398 p.
637 4338 689 4396 45,
715 4339 744 4380 n.
773 4340 823 4399 27·

260 4417 469 4478 Psallenlium
484 4441 496 4477 .·
554 4416 635 4478 idest
688 4418 847 4497 processio

325 4534 357 4594 p·
385 4535 456 4592 1²3»
482 4536 511 4576 n·
539 4535 568 4593 5·

261 4613 386 4694 Regum
399 4613 576 4676 coronatio:
593 4617 636 4694 (v.
657 4615 687 4677 C
684 4613 847 4698 oronatio.)

260 4712 479 4793 ReliquIarum
509 4713 673 4775 translatio
692 4723 724 4774 et
752 4714 848 4794 depo·

326 4811 398 4873 sitio
422 4811 455 4873 in
477 4811 577 4874 altare
600 4811 680 4874 sacta
702 4823 774 4891 post
795 4812 849 4874 de·

327 4909 517 4974 dicationem
535 4911 736 4973 ecclesiarum
760 4933 790 4992 p.
817 4935 846 4992 9,

1023 769 1053 809 n.
1082 768 1120 810 22
1136 770 1165 828 p.
1183 768 1224 826 24
1237 787 1278 796 —
1292 751 1547 816 denunciabatur

1022 845 1142 926 populo
1167 868 1196 926 p.
1224 868 1274 926 24,
1296 870 1326 912 n.
1353 870 1405 930 54.

955 951 1068 1012 Sermo
1078 948 1109 1009 in
1119 947 1329 1013 Dedicatione
1341 952 1544 1014 ecclesiarum

1022 1068 1051 1127 Ρ·
1085 1068 1135 1125 24,
1162 1067 1193 1113 ¹¹·
1220 1068 1327 1131 54212·
1354 1059 1394 1131 78
1419 1063 1451 1115 el
1478 1073 1543 1133 seq·

956 1146 1050 1228 Signi
1067 1144 1133 1208 sive
1157 1167 1331 1228 campanae
1354 1151 1543 1223 benedictio,

1023 1246 1099 1308 olim
1135 1267 1206 1308 cum
1238 1248 1388 1312 ecclesiae
1421 1251 1545 1314 dedica·

1023 1345 1118 1416 tione,
1144 1344 1260 1408 deinde
1288 1361 1360 1427 post
1386 1371 1467 1412 saec.
1497 1350 1542 1412 XI

1023 1443 1171 1505 distincta
1187 1445 1228 1505 ab
1244 1444 1312 1524 ipsa
1328 1467 1358 1526 p.
1382 1453 1429 1519 16,
1445 1469 1474 1509 n.
1491 1468 1542 1527 55.

956 1542 1046 1604 Stola
1069 1541 1205 1604 traditur
1228 1541 1260 1603 in
1288 1544 1457 1608 collatione
1479 1546 1545 1607 dia-

1022 1651 1156 1702 conatus
1172 1677 1212 1687 —
1230 1662 1318 1704 more
1331 1644 1544 1708 Ambrosiano

1022 1740 1163 1802 defertur
1201 1761 1296 1820 supra
1342 1743 1543 1808 dalmaticam

1022 1860 1052 1919 n·
1078 1859 1130 1917 43·
1156 1861 1186 1900 1¹·
1214 1861 1254 1919 24
1279 1837 1298 1882 a

955 1938 1150 2001 Tabularum
1179 1938 1248 2002 sive
1270 1942 1417 2004 altarium
1448 1943 1546 2006 viato-

1022 2036 1141 2099 ri0rum
1151 2038 1340 2112 benedictio,
1352 2063 1382 2122 p.
1396 2062 1483 2114 11,n.
1494 2063 1543 2122 ²7·

955 2139 1149 2218 Temporum
1178 2139 1301 2218 jejunia
1330 2141 1407 2203 olim
1440 2144 1546 2206 Eccle-

1018 2238 1084 2300 siae
1108 2239 1338 2303 Ambrosianae
1369 2243 1478 2324 ignota
1504 2281 1543 2291 -

1023 2337 1055 2397 in
1089 2339 1233 2400 Romana
1257 2360 1314 2420 pro
1345 2341 1545 2405 conserendis

978 2467 982 2478 ·
1023 2434 1200 2498 Ordinibus
1220 2437 1438 2518 assignata-
1457 2440 1544 2502 nulla

1024 2535 1121 2597 Missa
1145 2536 1356 2599 Ambrosiana
1377 2559 1435 2618 pro
1459 2540 1544 2602 seriis

1022 2645 1159 2715 quatuor
1188 2645 1366 2715 temporum
1404 2674 1444 2684 —
1480 2659 1545 2700 sae·

1022 2732 1094 2794 culo
1105 2733 1184 2793 XIII
1197 2746 1411 2798 memorantur
1422 2738 1544 2817 alode

1023 2830 1173 2904 Guertiis‚
1198 2852 1228 2911 p.
1255 2854 1306 2910 32,
1331 2846 1362 2896 et
1385 2855 1451 2916 seq.
1477 2849 1543 2902 not.

955 2929 1100 2990 Tonsura
1139 2929 1293 2992 clericalis
1331 2931 1363 2992 in
1403 2933 1544 2996 Ecclesia

1024 3026 1255 3091 Mediolanensi
1267 3051 1286 3090 a
1299 3031 1488 3111 praepositis
1497 3053 1544 3095 ec·

1023 3125 1189 3187 elesiarum
1213 3126 1289 3189 olim
1318 3129 1400 3191 sacta
1424 3166 1465 3176 —
1489 3130 1544 3193 ali-

1022 3225 1151 3304 quando
1175 3225 1331 3305 privatius
1347 3228 1543 3292 Modoetien-

1022 3323 1066 3384 sis
1111 3325 1387 3405 Archipresbyteri
1427 3365 1468 3374 —
1511 3341 1544 3392 et

1025 3422 1242 3504 PraepositiS.
1253 3425 1426 3498 Ambrosii,
1436 3440 1540 3490 atnon

1023 3523 1091 3586 sine
1106 3526 1321 3588 controversia
1333 3548 1363 3607 p.
1380 3547 1418 3607 27
1433 3540 1465 3591 et
1475 3549 1540 3610 seq.

1022 3620 1065 3706 (v.
1111 3625 1298 3697 Ordinarii‚
1339 3627 1544 3708 Praepositus

1022 3723 1057 3788 S.
1083 3723 1270 3808 Ambrosii).

955 3823 1100 3883 Tonsura
1124 3821 1270 3884 infantuli
1293 3824 1453 3888 diversaa
1477 3837 1544 3889 ton·

1022 3940 1095 3982 sura
1118 3919 1254 3984 clericali
1278 3943 1308 4002 p.
1336 3942 1386 4002 27,
1411 3945 1441 3986 n.
1471 3945 1497 3988 1.

957 4019 1075 4082 Unctio
1097 4020 1304 4084 consessionis
1319 4022 1386 4085 sive
1407 4023 1542 4103 sepulcri

1022 4118 1130 4180 altaris
1141 4119 1278 4183 dedicati
1291 4121 1467 4202 antIquitus
1479 4144 1542 4185 non

1023 4219 1118 4280 fiebat
1141 4239 1171 4298 p.
1199 4239 1238 4281 22
1263 4216 1293 4284 *.

956 4317 1071 4379 Velum
1095 4330 1260 4379 extensum
1285 4329 1358 4381 ante
1388 4318 1486 4381 altare
1511 4319 1541 4381 in

1021 4419 1214 4498 repositione
1225 4441 1384 4482 sacrarum
1398 4421 1544 4501 reliquia-

1022 4542 1091 4583 rum
1117 4543 1147 4602 p.
1174 4543 1225 4602 24,
1250 4545 1282 4588 n.
1307 4543 1359 4602 55.

955 4619 1126 4701 Virginum
1143 4622 1339 4683 consecratio
1356 4621 1388 4682 In
1406 4621 1544 4703 Epipha-

1023 4718 1084 4790 nia,
1110 4719 1202 4780 Albis
1227 4719 1439 4792 Paschalibus,
1458 4721 1544 4800 Apo·

1023 4815 1178 4878 stolorum
1203 4817 1353 4880 natalitiis
1370 4829 1543 4880 memorata

1022 4914 1063 4975 ab
1076 4915 1247 4981 Ambrosi0
1259 4927 1291 4986 et
1303 4915 1432 4984 Gelasio
1445 4938 1474 5006 p.
1490 4923 1542 5002 5⁶·

780 5144 1005 5156 -———·—--.
