4078 6126
900 509 1045 564 PONTIF
1049 511 1165 565 tentis
1191 513 1300 566 SAEC.
1331 514 1381 567 1x.

521 1213 1064 1323 CONSECRATIO
1099 1218 1404 1325 SACRAE
1431 1217 1762 1325 VIRGlNlS

860 1398 1010 1492 Quae
1040 1398 1093 1471 m
1126 1399 1418 1472 corennum

672 1561 776 1634 VEL
806 1562 858 1634 IN
891 1561 1147 1634 SECUNDA
1179 1561 1337 1634 FERIA
1368 1563 1614 1636 pascunt:

502 1722 613 1795 AU'l'
635 1723 687 1795 lN
710 1721 1115 1795 APOS'I'OLORUN
1138 1721 1336 1797 Nn't'ntt
1360 1727 1727 1801 CELEBRATUR.
1743 1725 1780 1819 *l

458 2010 472 2058 5
617 2003 646 2052 1.
677 1979 853 2074 Sequitur
879 1979 1017 2050 oratio:
1053 1977 1210 2072 Respice
1240 1978 1430 2073 propitius,
1464 1978 1638 2064 Domine,
1671 2006 1784 2077 super

503 2106 595 2178 lianc
617 2104 789 2179 famulam
810 2121 925 2177 tuam:
940 2107 988 2176 'ut
1006 2102 1224 2199 virginitatis
1245 2119 1393 2176 sanctae
1413 2106 1654 2201 propositum,
1680 2106 1781 2202 quod

503 2250 539 2307 te
569 2234 769 2329 inspirante
798 2231 969 2327 suscepit,
1002 2247 1037 2303 te
1066 2230 1298 2327 gubernante
1326 2233 1519 2318 custodiat,
1551 2258 1626 2328 per.

647 2534 672 2584 5.
695 2517 843 2586 propitius,
866 2515 1005 2570 Domine:
1030 2513 1162 2574 Domine,
1185 2513 1334 2580 propitius.
1355 2515 1388 2568 C.

548 2769 581 2852 *)
605 2772 673 2834 Gel.
712 2777 775 2848 629
798 2773 900 2850 (156),
927 2770 1010 2829 Men.
1042 2775 1111 2846 167,
1144 2770 1239 2833 Gerb.
1266 2789 1316 2846 95.
1349 2789 1417 2830 101.
1438 2769 1520 2830 Tota
1544 2769 1620 2831 haec
1644 2770 1780 2842 rubrica,

504 2871 577 2933 licet
600 2892 671 2933 cum
696 2869 790 2931 editis
824 2867 988 2930 codicibus
1017 2867 1186 2946 gelasianis
1210 2867 1388 2938 concordet,
1413 2878 1518 2928 tamen
1540 2879 1649 2947 utpote
1672 2869 1782 2949 genni-

506 2992 580 3031 num
609 2980 734 3049 partum
771 2966 888 3028 Gelasii
925 2986 988 3027 non
1020 2966 1198 3036 crederem;
1223 2966 1255 3028 id
1291 2964 1391 3044 ipsius
1425 2965 1583 3044 pontificis
1616 2968 1713 3029 verba
1749 2967 1780 3029 iu

504 3072 591 3150 epist.
617 3069 674 3129 IX
692 3069 737 3128 ad
757 3068 926 3147 Episcopus
949 3067 1112 3126 laconiae
1134 3087 1157 3126 c.
1184 3064 1261 3138 XII,
1293 3065 1441 3126 suadent:
1463 3088 1479 3120 e
1497 3065 1630 3128 Devotis
1652 3086 1782 3147 quoque

509 3192 525 3224 <‹
544 3169 614 3228 Deo
638 3165 816 3246 virginibus
840 3164 899 3224 nisi
923 3163 1030 3224 autin
1056 3163 1307 3244 Epiphaniarum
1331 3162 1393 3232 die,
1418 3173 1473 3223 aut
1497 3165 1531 3224 in
1553 3165 1633 3226 olbis
1650 3167 1782 3246 pascha-

509 3268 625 3328 «libus
646 3276 701 3326 aut
724 3264 756 3324 in
781 3262 1007 3342 Apostolorum
1033 3261 1191 3332 natalitiis,
1217 3282 1339 3322 sacrum
1364 3260 1495 3322 minime
1517 3261 1660 3324 velamen
1685 3263 1783 3344 impo-

509 3377 628 3436 «nant,
653 3362 713 3425 nisi
739 3361 867 3424 forsitan
892 3360 987 3438 (sicut
1007 3360 1047 3420 de
1071 3360 1259 3439 baptismate
1283 3359 1402 3421 dictum
1431 3363 1491 3437 est)
1514 3360 1604 3440 gravi
1629 3362 1782 3442 languore

509 3462 704 3542 «correptis,
729 3482 769 3522 ne
792 3459 860 3522 sine
895 3459 954 3520 hoc
989 3479 1120 3520 munere
1154 3457 1349 3520 deecclesia
1382 3469 1504 3529 exeant,
1540 3458 1783 3538 implorantibus

510 3589 525 3614 «
543 3583 605 3624 non
632 3573 810 3640 negetur.»
837 3559 938 3620 Albae
955 3559 1120 3637 paschales
1142 3557 1227 3636 apud
1257 3559 1420 3618 Gelasium
1438 3556 1531 3618 latius
1554 3567 1662 3637 patent
1685 3580 1781 3639 quam

505 3660 639 3740 simplex
654 3659 746 3739 sertio
769 3657 811 3719 Il
821 3657 853 3718 in
869 3655 963 3718 editis
986 3654 1236 3718 sacramentariis
1251 3653 1428 3734 gelasianis.
1446 3653 1605 3716 Solemnis
1620 3657 1780 3738 virginum

505 3757 698 3821 consecratio
715 3756 767 3818 die
792 3753 952 3816 Paschatis
976 3766 1007 3815 et
1031 3753 1228 3835 Epiphaniae
1244 3756 1339 3834 (quae
1363 3752 1509 3832 primitus
1532 3775 1604 3816 cum
1628 3753 1697 3834 ipsa
1721 3757 1782 3818 Na·

504 3859 627 3921 tivitate
647 3876 746 3916 untun
771 3855 883 3916 sestum
908 3853 1132 3932 constituebat)
1155 3863 1420 3914 commemoratur
1440 3852 1481 3913 ab
1506 3852 1575 3931 ipso
1599 3854 1779 3927 Ambrosie,

504 3957 595 4037 cujus
617 3955 713 4016 verba
737 3953 846 4025 resero,
870 3973 941 4014 cum
966 3972 1004 4013 ex
1028 3951 1105 4031 ipsis
1121 3951 1295 4012 innotescat
1312 3949 1440 4029 insuper
1461 3951 1540 4013 ritus
1564 3953 1707 4015 mutandi
1732 3975 1781 4016 ve-

505 4069 584 4118 stes:
602 4053 818 4132 Devirgim'b.
836 4053 856 4112 l.
875 4052 938 4123 ΙΙΙ,
955 4073 979 4112 c.
1008 4052 1035 4112 Ι.
1064 4074 1080 4106 «
1099 4071 1213 4112 ...eum
1231 4049 1404 4111 Salvatoris
1421 4049 1526 4111 Natali
1544 4051 1584 4112 ad
1601 4052 1779 4131 apostolum

509 4179 525 4210 «
543 4155 669 4215 Petrum
686 4149 875 4228 (basilicam)
890 4148 1083 4229 virginitatis
1099 4148 1334 4228 professionem,
1350 4148 1446 4210 vestis
1461 4169 1590 4229 quoque
1606 4151 1781 4212 mutatione

509 4251 683 4332 «signares
686 4298 736 4311 .....
754 4275 771 4308 ›>
798 4246 876 4310 etin
902 4249 1068 4309 Exlcoriai.
1093 4250 1269 4327 virginitat.
1295 4267 1320 4308 c.
1345 4247 1417 4319 Vll,
1443 4267 1473 4308 n.
1499 4267 1552 4325 42.
1581 4249 1710 4310 «Venit
1728 4251 1781 4310 Pa-

509 4377 525 4406 «
542 4351 635 4413 sebae
662 4349 747 4420 dies;
777 4348 807 4408 in
836 4359 902 4409 toto
926 4347 1003 4408 orbe
1022 4345 1169 4425 baptismi
1194 4355 1389 4406 sacramenta
1412 4345 1619 4418 celebrantur,
1637 4347 1782 4410 velantur

510 4471 648 4512 «sacrae
672 4447 826 4528 virgines:
852 4467 916 4508 uno
940 4466 1017 4525 ergo
1041 4444 1092 4505 die
1128 4445 1195 4505 sine
1218 4444 1326 4524 aliquo
1349 4442 1460 4506 dolore
1483 4444 1601 4506 multos
1636 4445 1717 4507 lilios
1750 4459 1782 4508 et

509 4573 525 4602 «
543 4548 624 4609 filias
647 4547 726 4608 solet
752 4544 892 4607 Ecclesia
916 4543 1115 4624 parturire.»
1167 4543 1202 4604 ln
1226 4543 1311 4604 calce
1334 4543 1430 4622 hujus
1452 4542 1579 4614 codicis,
1616 4544 1780 4623 posteriori

506 4667 600 4707 manu
636 4665 715 4706 saec.
741 4645 771 4704 X
802 4643 911 4704 addita
934 4653 981 4704 est
1012 4643 1190 4702 Benedictio
1225 4642 1371 4720 Virginis
1402 4642 1447 4702 od
1466 4643 1620 4721 Episcopo
1642 4644 1781 4714 de'cenda,

505 4757 653 4806 constans
676 4741 832 4804 oratione:
857 4743 997 4821 Respice,
1015 4751 1046 4802 et
1061 4739 1313 4802 consecratione:
1338 4742 1428 4801 Deus
1450 4747 1605 4802 castorum
1632 4752 1690 4802 ete.
1715 4741 1792 4818 (ali-¹

506 4841 694 4924 quantulum
720 4841 869 4910 breviata,
895 4851 931 4901 ut
954 4839 985 4900 in
1006 4839 1172 4920 Gregor.):
1198 4838 1240 4900 ibi
1265 4849 1370 4900 tamen
1406 4837 1528 4900 nullum
1561 4849 1686 4918 tempus
1709 4821 1801 4902 assi-x

506 4953 623 5021 gnatur
645 4939 685 5002 ad
709 4939 843 5000 eundem
865 4938 960 5001 ritum
985 4939 1216 5018 peragendum;
1242 4938 1285 4998 ita
1309 4947 1343 4997 ut
1367 4948 1457 4998 vetus
1480 4936 1647 5016 disciplina
1667 4937 1697 4998 in
1723 4938 1783 5000 hac

507 5051 604 5119 parte,
631 5037 802 5099 Mediolani
827 5057 863 5098 ea
886 5047 988 5098 aetate
1011 5037 1141 5098 desueta
1165 5035 1319 5097 videatur.

556 5158 581 5198 1.
607 5137 685 5198 Ord.
706 5136 797 5196 Rom.
822 5155 891 5214 159,
911 5137 1006 5196 Leon.
1025 5155 1099 5213 444,
1125 5134 1193 5196 Gel.
1220 5139 1283 5211 629
1299 5131 1390 5219 (156)
1409 5135 1492 5196 Men.
1515 5140 1585 5213 167,
1603 5134 1686 5196 Mur.
1709 5141 1780 5214 184,

508 5235 602 5298 Gerb·
629 5255 681 5313 95,
711 5255 782 5304 101.
807 5235 900 5296 Mart.
925 5233 1002 5295 Ord.
1030 5233 1052 5306 l,
1079 5232 1135 5295 ΙΙΙ.
