<?xml version="1.0" encoding="UTF-8"?>
<!DOCTYPE html PUBLIC "-//W3C//DTD XHTML 1.0 Transitional//EN"
    "http://www.w3.org/TR/xhtml1/DTD/xhtml1-transitional.dtd">
<html xmlns="http://www.w3.org/1999/xhtml" xml:lang="en" lang="en">
 <head>
  <title>
</title>
<meta http-equiv="Content-Type" content="text/html;charset=utf-8" />
  <meta name='ocr-system' content='tesseract 3.04.00' />
  <meta name='ocr-capabilities' content='ocr_page ocr_carea ocr_par ocr_line ocrx_word'/>
</head>
<body>
  <div class='ocr_page' id='page_1' title='image "./pontificaleinus00churgoog_0075.png"; bbox 0 0 4084 6128; ppageno 0'>
   <div class='ocr_carea' id='block_1_1' title="bbox 514 505 1391 574">
    <p class='ocr_par' dir='ltr' id='par_1_1' title="bbox 514 505 1391 574">
     <span class='ocr_line' id='line_1_1' title="bbox 514 505 1391 574; baseline -0.002 -14"><span class='ocrx_word' id='word_1_1' title='bbox 514 524 548 574; x_wconf 87' lang='lat'>30</span> <span class='ocrx_word' id='word_1_2' title='bbox 673 561 675 564; x_wconf 80' lang='grc'><strong>,</strong></span> <span class='ocrx_word' id='word_1_3' title='bbox 820 531 824 542; x_wconf 81' lang='lat'>.</span> <span class='ocrx_word' id='word_1_4' title='bbox 911 507 1176 562; x_wconf 84' lang='lat' dir='ltr'>PONTIFICALE</span> <span class='ocrx_word' id='word_1_5' title='bbox 1202 506 1311 560; x_wconf 89' lang='lat' dir='ltr'>SAEC.</span> <span class='ocrx_word' id='word_1_6' title='bbox 1340 505 1391 559; x_wconf 85' lang='lat' dir='ltr'>IX.</span> 
     </span>
    </p>
   </div>
   <div class='ocr_carea' id='block_1_2' title="bbox 513 753 1793 978">
    <p class='ocr_par' dir='ltr' id='par_1_2' title="bbox 513 753 1793 978">
     <span class='ocr_line' id='line_1_2' title="bbox 514 753 1793 852; baseline 0.001 -26"><span class='ocrx_word' id='word_1_7' title='bbox 514 754 694 852; x_wconf 88' lang='lat' dir='ltr'>spiritales</span> <span class='ocrx_word' id='word_1_8' title='bbox 722 753 849 830; x_wconf 92' lang='lat' dir='ltr'>oculos</span> <span class='ocrx_word' id='word_1_9' title='bbox 876 756 1026 852; x_wconf 89' lang='lat' dir='ltr'>aperiat,</span> <span class='ocrx_word' id='word_1_10' title='bbox 1057 773 1096 830; x_wconf 88' lang='lat' dir='ltr'>et</span> <span class='ocrx_word' id='word_1_11' title='bbox 1124 755 1248 828; x_wconf 92' lang='lat' dir='ltr'>lumen</span> <span class='ocrx_word' id='word_1_12' title='bbox 1282 754 1510 829; x_wconf 86' lang='lat' dir='ltr'>aeternitatis</span> <span class='ocrx_word' id='word_1_13' title='bbox 1537 753 1680 852; x_wconf 89' lang='lat' dir='ltr'>gratiae</span> <span class='ocrx_word' id='word_1_14' title='bbox 1708 780 1793 827; x_wconf 92' lang='lat' dir='ltr'>con·</span> 
     </span>
     <span class='ocr_line' id='line_1_3' title="bbox 513 879 1705 978; baseline 0.002 -26"><span class='ocrx_word' id='word_1_15' title='bbox 513 880 629 966; x_wconf 91' lang='lat' dir='ltr'>cedat,</span> <span class='ocrx_word' id='word_1_16' title='bbox 661 881 723 978; x_wconf 93' lang='lat' dir='ltr'>qui</span> <span class='ocrx_word' id='word_1_17' title='bbox 752 907 834 954; x_wconf 93' lang='lat' dir='ltr'>cum</span> <span class='ocrx_word' id='word_1_18' title='bbox 865 880 950 954; x_wconf 89' lang='lat' dir='ltr'>Deo</span> <span class='ocrx_word' id='word_1_19' title='bbox 980 882 1086 956; x_wconf 87' lang='lat' dir='ltr'>Patre</span> <span class='ocrx_word' id='word_1_20' title='bbox 1115 897 1153 955; x_wconf 93' lang='lat' dir='ltr'>et</span> <span class='ocrx_word' id='word_1_21' title='bbox 1181 881 1318 978; x_wconf 90' lang='lat' dir='ltr'>Spiritu</span> <span class='ocrx_word' id='word_1_22' title='bbox 1348 897 1475 954; x_wconf 89' lang='lat' dir='ltr'>sancto</span> <span class='ocrx_word' id='word_1_23' title='bbox 1504 879 1605 966; x_wconf 89' lang='lat' dir='ltr'>vivis,</span> <span class='ocrx_word' id='word_1_24' title='bbox 1636 895 1705 954; x_wconf 91' lang='lat' dir='ltr'>etc.</span> 
     </span>
    </p>
   </div>
   <div class='ocr_carea' id='block_1_3' title="bbox 582 1144 1792 1294">
    <p class='ocr_par' dir='ltr' id='par_1_3' title="bbox 582 1144 1792 1294">
     <span class='ocr_line' id='line_1_4' title="bbox 656 1144 1792 1212; baseline 0.002 -16"><span class='ocrx_word' id='word_1_25' title='bbox 656 1161 680 1198; x_wconf 93' lang='grc'>1.</span> <span class='ocrx_word' id='word_1_26' title='bbox 710 1144 851 1212; x_wconf 85' lang='lat' dir='ltr'>spiritales</span> <span class='ocrx_word' id='word_1_27' title='bbox 878 1145 987 1206; x_wconf 89' lang='lat' dir='ltr'>oculos,</span> <span class='ocrx_word' id='word_1_28' title='bbox 1018 1153 1090 1199; x_wconf 74' lang='lat' dir='ltr'>eto:</span> <span class='ocrx_word' id='word_1_29' title='bbox 1120 1145 1220 1198; x_wconf 87' lang='lat' dir='ltr'>oculos</span> <span class='ocrx_word' id='word_1_30' title='bbox 1239 1145 1302 1198; x_wconf 89' lang='lat' dir='ltr'>eius</span> <span class='ocrx_word' id='word_1_31' title='bbox 1320 1144 1445 1211; x_wconf 86' lang='lat' dir='ltr'>aperiat,</span> <span class='ocrx_word' id='word_1_32' title='bbox 1475 1153 1504 1199; x_wconf 89' lang='lat' dir='ltr'>et</span> <span class='ocrx_word' id='word_1_33' title='bbox 1532 1145 1631 1199; x_wconf 90' lang='lat' dir='ltr'>lumen</span> <span class='ocrx_word' id='word_1_34' title='bbox 1658 1154 1792 1199; x_wconf 81' lang='lat' dir='ltr'>aeternae</span> 
     </span>
     <span class='ocr_line' id='line_1_5' title="bbox 582 1225 1789 1294; baseline 0.001 -16"><span class='ocrx_word' id='word_1_35' title='bbox 582 1225 691 1290; x_wconf 76' lang='lat' dir='ltr'>gratiae</span> <span class='ocrx_word' id='word_1_36' title='bbox 709 1225 856 1288; x_wconf 89' lang='lat' dir='ltr'>concedat,</span> <span class='ocrx_word' id='word_1_37' title='bbox 878 1241 937 1292; x_wconf 90' lang='lat' dir='ltr'>per.</span> <span class='ocrx_word' id='word_1_38' title='bbox 958 1227 991 1288; x_wconf 89' lang='lat' dir='ltr'>C,</span> <span class='ocrx_word' id='word_1_39' title='bbox 1012 1227 1063 1293; x_wconf 82' lang='lat' dir='ltr'>qui</span> <span class='ocrx_word' id='word_1_40' title='bbox 1080 1225 1156 1279; x_wconf 80' lang='lat' dir='ltr'>nihil</span> <span class='ocrx_word' id='word_1_41' title='bbox 1172 1225 1296 1293; x_wconf 75' lang='lat' dir='ltr'>amplius</span> <span class='ocrx_word' id='word_1_42' title='bbox 1315 1225 1395 1279; x_wconf 76' lang='lat' dir='ltr'>addit</span> <span class='ocrx_word' id='word_1_43' title='bbox 1411 1227 1450 1279; x_wconf 79' lang='lat' dir='ltr'>ad</span> <span class='ocrx_word' id='word_1_44' title='bbox 1460 1225 1595 1281; x_wconf 86' lang='lat' dir='ltr'>clericum</span> <span class='ocrx_word' id='word_1_45' title='bbox 1610 1225 1789 1294; x_wconf 80' lang='lat' dir='ltr'>jaciendum.</span> 
     </span>
    </p>
   </div>
   <div class='ocr_carea' id='block_1_4' title="bbox 444 1461 1792 5191">
    <p class='ocr_par' dir='ltr' id='par_1_4' title="bbox 444 1461 1792 5191">
     <span class='ocr_line' id='line_1_6' title="bbox 515 1461 1792 1544; baseline 0.001 -20"><span class='ocrx_word' id='word_1_46' title='bbox 515 1485 531 1516; x_wconf 91' lang='lat'>«</span> <span class='ocrx_word' id='word_1_47' title='bbox 548 1461 697 1524; x_wconf 88' lang='lat' dir='ltr'>ecclesiae</span> <span class='ocrx_word' id='word_1_48' title='bbox 720 1463 969 1526; x_wconf 87' lang='lat' dir='ltr'>decumanorum</span> <span class='ocrx_word' id='word_1_49' title='bbox 994 1464 1093 1526; x_wconf 89' lang='lat' dir='ltr'>etalii</span> <span class='ocrx_word' id='word_1_50' title='bbox 1118 1463 1249 1544; x_wconf 89' lang='lat' dir='ltr'>praelati</span> <span class='ocrx_word' id='word_1_51' title='bbox 1273 1463 1476 1526; x_wconf 89' lang='lat' dir='ltr'>ecclesiarum</span> <span class='ocrx_word' id='word_1_52' title='bbox 1493 1473 1727 1528; x_wconf 88' lang='lat' dir='ltr'>consueverunt</span> <span class='ocrx_word' id='word_1_53' title='bbox 1751 1463 1792 1525; x_wconf 86' lang='lat' dir='ltr'>sa-</span> 
     </span>
     <span class='ocr_line' id='line_1_7' title="bbox 514 1561 1791 1644; baseline 0.002 -22"><span class='ocrx_word' id='word_1_54' title='bbox 514 1583 531 1614; x_wconf 91' lang='lat'>«</span> <span class='ocrx_word' id='word_1_55' title='bbox 544 1581 622 1632; x_wconf 87' lang='lat' dir='ltr'>cere,</span> <span class='ocrx_word' id='word_1_56' title='bbox 640 1561 758 1624; x_wconf 89' lang='lat' dir='ltr'>scilicet</span> <span class='ocrx_word' id='word_1_57' title='bbox 774 1562 915 1624; x_wconf 80' lang='lat' dir='ltr'>conferre</span> <span class='ocrx_word' id='word_1_58' title='bbox 939 1563 1072 1642; x_wconf 87' lang='lat' dir='ltr'>primam</span> <span class='ocrx_word' id='word_1_59' title='bbox 1090 1573 1261 1637; x_wconf 80' lang='lat' dir='ltr'>tonsuram,</span> <span class='ocrx_word' id='word_1_60' title='bbox 1280 1562 1339 1624; x_wconf 93' lang='lat' dir='ltr'>nisi</span> <span class='ocrx_word' id='word_1_61' title='bbox 1356 1585 1374 1624; x_wconf 88' lang='lat' dir='ltr'>a</span> <span class='ocrx_word' id='word_1_62' title='bbox 1396 1574 1538 1644; x_wconf 87' lang='lat' dir='ltr'>tempore</span> <span class='ocrx_word' id='word_1_63' title='bbox 1556 1562 1791 1625; x_wconf 86' lang='lat' dir='ltr'>constitutionis</span> 
     </span>
     <span class='ocr_line' id='line_1_8' title="bbox 515 1659 1792 1742; baseline 0.003 -23"><span class='ocrx_word' id='word_1_64' title='bbox 515 1659 721 1722; x_wconf 89' lang='lat' dir='ltr'>«inhibentis</span> <span class='ocrx_word' id='word_1_65' title='bbox 743 1660 870 1722; x_wconf 83' lang='lat' dir='ltr'>citra».</span> <span class='ocrx_word' id='word_1_66' title='bbox 897 1661 985 1724; x_wconf 92' lang='lat' dir='ltr'>Haec</span> <span class='ocrx_word' id='word_1_67' title='bbox 1019 1661 1178 1741; x_wconf 87' lang='lat' dir='ltr'>explicant</span> <span class='ocrx_word' id='word_1_68' title='bbox 1201 1683 1258 1723; x_wconf 91' lang='lat' dir='ltr'>cur</span> <span class='ocrx_word' id='word_1_69' title='bbox 1281 1661 1364 1723; x_wconf 90' lang='lat' dir='ltr'>alius</span> <span class='ocrx_word' id='word_1_70' title='bbox 1386 1662 1484 1733; x_wconf 88' lang='lat' dir='ltr'>testis,</span> <span class='ocrx_word' id='word_1_71' title='bbox 1510 1663 1677 1742; x_wconf 88' lang='lat' dir='ltr'>presbyter</span> <span class='ocrx_word' id='word_1_72' title='bbox 1712 1663 1792 1723; x_wconf 90' lang='lat' dir='ltr'>Lan·</span> 
     </span>
     <span class='ocr_line' id='line_1_9' title="bbox 510 1756 1791 1840; baseline 0.004 -23"><span class='ocrx_word' id='word_1_73' title='bbox 510 1756 624 1818; x_wconf 87' lang='lat' dir='ltr'>telmus</span> <span class='ocrx_word' id='word_1_74' title='bbox 649 1759 792 1830; x_wconf 89' lang='lat' dir='ltr'>Muscha,</span> <span class='ocrx_word' id='word_1_75' title='bbox 819 1759 849 1820; x_wconf 93' lang='lat' dir='ltr'>in</span> <span class='ocrx_word' id='word_1_76' title='bbox 875 1758 938 1821; x_wconf 89' lang='lat' dir='ltr'>alio</span> <span class='ocrx_word' id='word_1_77' title='bbox 962 1760 1154 1822; x_wconf 89' lang='lat' dir='ltr'>documento</span> <span class='ocrx_word' id='word_1_78' title='bbox 1181 1760 1323 1840; x_wconf 87' lang='lat' dir='ltr'>ejusdem</span> <span class='ocrx_word' id='word_1_79' title='bbox 1347 1780 1460 1822; x_wconf 90' lang='lat' dir='ltr'>causae</span> <span class='ocrx_word' id='word_1_80' title='bbox 1495 1761 1645 1840; x_wconf 89' lang='lat' dir='ltr'>loquatur</span> <span class='ocrx_word' id='word_1_81' title='bbox 1667 1761 1709 1822; x_wconf 90' lang='lat' dir='ltr'>de</span> <span class='ocrx_word' id='word_1_82' title='bbox 1732 1760 1791 1822; x_wconf 92' lang='lat' dir='ltr'>hac</span> 
     </span>
     <span class='ocr_line' id='line_1_10' title="bbox 509 1857 1790 1939; baseline 0.002 -22"><span class='ocrx_word' id='word_1_83' title='bbox 509 1857 728 1936; x_wconf 85' lang='lat' dir='ltr'>praerogativa</span> <span class='ocrx_word' id='word_1_84' title='bbox 759 1857 929 1937; x_wconf 87' lang='lat' dir='ltr'>praepositi</span> <span class='ocrx_word' id='word_1_85' title='bbox 958 1870 1119 1939; x_wconf 88' lang='lat' dir='ltr'>tamquam</span> <span class='ocrx_word' id='word_1_86' title='bbox 1155 1859 1195 1920; x_wconf 89' lang='lat' dir='ltr'>de</span> <span class='ocrx_word' id='word_1_87' title='bbox 1224 1879 1257 1920; x_wconf 90' lang='lat' dir='ltr'>re</span> <span class='ocrx_word' id='word_1_88' title='bbox 1281 1858 1313 1921; x_wconf 93' lang='lat' dir='ltr'>in</span> <span class='ocrx_word' id='word_1_89' title='bbox 1343 1859 1585 1921; x_wconf 86' lang='lat' dir='ltr'>desuetudinem</span> <span class='ocrx_word' id='word_1_90' title='bbox 1609 1870 1689 1923; x_wconf 88' lang='lat' dir='ltr'>acta.</span> <span class='ocrx_word' id='word_1_91' title='bbox 1725 1858 1790 1920; x_wconf 90' lang='lat' dir='ltr'>Sed</span> 
     </span>
     <span class='ocr_line' id='line_1_11' title="bbox 508 1955 1790 2038; baseline 0.002 -23"><span class='ocrx_word' id='word_1_92' title='bbox 508 1955 676 2017; x_wconf 88' lang='lat' dir='ltr'>audiamus</span> <span class='ocrx_word' id='word_1_93' title='bbox 693 1955 796 2035; x_wconf 91' lang='lat' dir='ltr'>ipsum</span> <span class='ocrx_word' id='word_1_94' title='bbox 818 1967 948 2019; x_wconf 88' lang='lat' dir='ltr'>testem:</span> <span class='ocrx_word' id='word_1_95' title='bbox 969 1957 1218 2038; x_wconf 82' lang='lat' dir='ltr'>«interrogatus</span> <span class='ocrx_word' id='word_1_96' title='bbox 1242 1957 1268 2018; x_wconf 94' lang='lat' dir='ltr'>si</span> <span class='ocrx_word' id='word_1_97' title='bbox 1290 1957 1349 2020; x_wconf 91' lang='lat' dir='ltr'>scit</span> <span class='ocrx_word' id='word_1_98' title='bbox 1372 1957 1556 2020; x_wconf 88' lang='lat' dir='ltr'>etintendit</span> <span class='ocrx_word' id='word_1_99' title='bbox 1576 1957 1664 2038; x_wconf 90' lang='lat' dir='ltr'>quod</span> <span class='ocrx_word' id='word_1_100' title='bbox 1686 1956 1790 2018; x_wconf 89' lang='lat' dir='ltr'>dictus</span> 
     </span>
     <span class='ocr_line' id='line_1_12' title="bbox 512 2054 1787 2136; baseline 0.002 -22"><span class='ocrx_word' id='word_1_101' title='bbox 512 2077 529 2106; x_wconf 83' lang='lat'><strong>«</strong></span> <span class='ocrx_word' id='word_1_102' title='bbox 546 2054 744 2134; x_wconf 89' lang='lat' dir='ltr'>praepositus</span> <span class='ocrx_word' id='word_1_103' title='bbox 760 2055 858 2117; x_wconf 90' lang='lat' dir='ltr'>sancti</span> <span class='ocrx_word' id='word_1_104' title='bbox 876 2055 1037 2118; x_wconf 87' lang='lat' dir='ltr'>Ambrosii</span> <span class='ocrx_word' id='word_1_105' title='bbox 1062 2067 1191 2136; x_wconf 88' lang='lat' dir='ltr'>propter</span> <span class='ocrx_word' id='word_1_106' title='bbox 1206 2056 1394 2136; x_wconf 86' lang='lat' dir='ltr'>dignitatem</span> <span class='ocrx_word' id='word_1_107' title='bbox 1411 2068 1442 2119; x_wconf 90' lang='lat' dir='ltr'>et</span> <span class='ocrx_word' id='word_1_108' title='bbox 1457 2055 1673 2119; x_wconf 85' lang='lat' dir='ltr'>excellentiam</span> <span class='ocrx_word' id='word_1_109' title='bbox 1698 2075 1787 2118; x_wconf 91' lang='lat' dir='ltr'>suam</span> 
     </span>
     <span class='ocr_line' id='line_1_13' title="bbox 513 2151 1788 2234; baseline 0.002 -21"><span class='ocrx_word' id='word_1_110' title='bbox 513 2177 528 2206; x_wconf 91' lang='lat'>«</span> <span class='ocrx_word' id='word_1_111' title='bbox 545 2151 710 2215; x_wconf 91' lang='lat' dir='ltr'>consuevit</span> <span class='ocrx_word' id='word_1_112' title='bbox 744 2153 845 2215; x_wconf 85' lang='lat' dir='ltr'>lacere</span> <span class='ocrx_word' id='word_1_113' title='bbox 868 2153 998 2216; x_wconf 89' lang='lat' dir='ltr'>clericos</span> <span class='ocrx_word' id='word_1_114' title='bbox 1025 2154 1145 2217; x_wconf 92' lang='lat' dir='ltr'>scilicet</span> <span class='ocrx_word' id='word_1_115' title='bbox 1167 2155 1309 2217; x_wconf 83' lang='lat' dir='ltr'>conserte</span> <span class='ocrx_word' id='word_1_116' title='bbox 1333 2155 1466 2234; x_wconf 88' lang='lat' dir='ltr'>primam</span> <span class='ocrx_word' id='word_1_117' title='bbox 1503 2167 1675 2226; x_wconf 88' lang='lat' dir='ltr'>tonsuram,</span> <span class='ocrx_word' id='word_1_118' title='bbox 1701 2154 1788 2234; x_wconf 90' lang='lat' dir='ltr'>quod</span> 
     </span>
     <span class='ocr_line' id='line_1_14' title="bbox 512 2251 1789 2332; baseline 0.006 -26"><span class='ocrx_word' id='word_1_119' title='bbox 512 2273 529 2306; x_wconf 83' lang='lat'>«</span> <span class='ocrx_word' id='word_1_120' title='bbox 546 2271 609 2312; x_wconf 92' lang='lat' dir='ltr'>non</span> <span class='ocrx_word' id='word_1_121' title='bbox 634 2263 866 2313; x_wconf 89' lang='lat' dir='ltr'>consueverunt</span> <span class='ocrx_word' id='word_1_122' title='bbox 888 2252 941 2314; x_wconf 88' lang='lat' dir='ltr'>alii</span> <span class='ocrx_word' id='word_1_123' title='bbox 969 2252 1100 2332; x_wconf 89' lang='lat' dir='ltr'>praelati</span> <span class='ocrx_word' id='word_1_124' title='bbox 1124 2252 1326 2316; x_wconf 85' lang='lat' dir='ltr'>ecclesiarum</span> <span class='ocrx_word' id='word_1_125' title='bbox 1362 2252 1498 2315; x_wconf 90' lang='lat' dir='ltr'>civitatis</span> <span class='ocrx_word' id='word_1_126' title='bbox 1534 2251 1707 2315; x_wconf 89' lang='lat' dir='ltr'>Mediolani</span> <span class='ocrx_word' id='word_1_127' title='bbox 1731 2273 1789 2314; x_wconf 92' lang='lat' dir='ltr'>nec</span> 
     </span>
     <span class='ocr_line' id='line_1_15' title="bbox 513 2349 1789 2432; baseline 0.002 -22"><span class='ocrx_word' id='word_1_128' title='bbox 513 2373 528 2400; x_wconf 86' lang='lat'>«</span> <span class='ocrx_word' id='word_1_129' title='bbox 546 2349 649 2412; x_wconf 87' lang='lat' dir='ltr'>dictus</span> <span class='ocrx_word' id='word_1_130' title='bbox 672 2349 926 2430; x_wconf 88' lang='lat' dir='ltr'>archipresbyter</span> <span class='ocrx_word' id='word_1_131' title='bbox 947 2351 1206 2424; x_wconf 90' lang='lat' dir='ltr'>decumanorum,</span> <span class='ocrx_word' id='word_1_132' title='bbox 1238 2351 1414 2432; x_wconf 88' lang='lat' dir='ltr'>respondit:</span> <span class='ocrx_word' id='word_1_133' title='bbox 1440 2351 1524 2412; x_wconf 92' lang='lat' dir='ltr'>Bene</span> <span class='ocrx_word' id='word_1_134' title='bbox 1558 2350 1666 2412; x_wconf 91' lang='lat' dir='ltr'>audivi</span> <span class='ocrx_word' id='word_1_135' title='bbox 1701 2350 1789 2430; x_wconf 92' lang='lat' dir='ltr'>quod</span> 
     </span>
     <span class='ocr_line' id='line_1_16' title="bbox 512 2448 1787 2528; baseline 0.004 -23"><span class='ocrx_word' id='word_1_136' title='bbox 512 2473 529 2503; x_wconf 65' lang='lat' dir='ltr'>e</span> <span class='ocrx_word' id='word_1_137' title='bbox 546 2448 613 2527; x_wconf 88' lang='lat' dir='ltr'>ipse</span> <span class='ocrx_word' id='word_1_138' title='bbox 636 2448 834 2528; x_wconf 89' lang='lat' dir='ltr'>praepositus</span> <span class='ocrx_word' id='word_1_139' title='bbox 868 2449 966 2511; x_wconf 90' lang='lat' dir='ltr'>sancti</span> <span class='ocrx_word' id='word_1_140' title='bbox 992 2449 1153 2512; x_wconf 87' lang='lat' dir='ltr'>Ambrosii</span> <span class='ocrx_word' id='word_1_141' title='bbox 1189 2449 1336 2513; x_wconf 88' lang='lat' dir='ltr'>titulabat</span> <span class='ocrx_word' id='word_1_142' title='bbox 1360 2449 1391 2511; x_wconf 94' lang='lat' dir='ltr'>in</span> <span class='ocrx_word' id='word_1_143' title='bbox 1415 2450 1501 2512; x_wconf 90' lang='lat' dir='ltr'>dicta</span> <span class='ocrx_word' id='word_1_144' title='bbox 1523 2449 1655 2511; x_wconf 89' lang='lat' dir='ltr'>ecclesia</span> <span class='ocrx_word' id='word_1_145' title='bbox 1688 2449 1787 2510; x_wconf 92' lang='lat' dir='ltr'>sancti</span> 
     </span>
     <span class='ocr_line' id='line_1_17' title="bbox 512 2546 1788 2628; baseline 0.005 -25"><span class='ocrx_word' id='word_1_146' title='bbox 512 2546 717 2618; x_wconf 85' lang='lat' dir='ltr'>«Ambrosii,</span> <span class='ocrx_word' id='word_1_147' title='bbox 743 2547 798 2609; x_wconf 88' lang='lat' dir='ltr'>sed</span> <span class='ocrx_word' id='word_1_148' title='bbox 823 2548 928 2610; x_wconf 89' lang='lat' dir='ltr'>nescio</span> <span class='ocrx_word' id='word_1_149' title='bbox 953 2548 1045 2610; x_wconf 88' lang='lat' dir='ltr'>vobis</span> <span class='ocrx_word' id='word_1_150' title='bbox 1071 2547 1177 2610; x_wconf 88' lang='lat' dir='ltr'>dicere</span> <span class='ocrx_word' id='word_1_151' title='bbox 1200 2548 1225 2610; x_wconf 91' lang='lat' dir='ltr'>si</span> <span class='ocrx_word' id='word_1_152' title='bbox 1250 2548 1303 2610; x_wconf 91' lang='lat' dir='ltr'>alii</span> <span class='ocrx_word' id='word_1_153' title='bbox 1327 2547 1459 2628; x_wconf 87' lang='lat' dir='ltr'>praelati</span> <span class='ocrx_word' id='word_1_154' title='bbox 1495 2547 1698 2610; x_wconf 88' lang='lat' dir='ltr'>ecclesiarum</span> <span class='ocrx_word' id='word_1_155' title='bbox 1724 2548 1788 2609; x_wconf 91' lang='lat' dir='ltr'>Me·</span> 
     </span>
     <span class='ocr_line' id='line_1_18' title="bbox 513 2644 1788 2720; baseline 0.005 -19"><span class='ocrx_word' id='word_1_156' title='bbox 513 2669 529 2700; x_wconf 90' lang='lat'>«</span> <span class='ocrx_word' id='word_1_157' title='bbox 546 2644 665 2706; x_wconf 89' lang='lat' dir='ltr'>diolani</span> <span class='ocrx_word' id='word_1_158' title='bbox 693 2659 926 2709; x_wconf 90' lang='lat' dir='ltr'>consueverunt</span> <span class='ocrx_word' id='word_1_159' title='bbox 949 2646 1050 2708; x_wconf 83' lang='lat' dir='ltr'>lacere</span> <span class='ocrx_word' id='word_1_160' title='bbox 1073 2646 1221 2720; x_wconf 85' lang='lat' dir='ltr'>clericos;</span> <span class='ocrx_word' id='word_1_161' title='bbox 1250 2647 1305 2709; x_wconf 91' lang='lat' dir='ltr'>sed</span> <span class='ocrx_word' id='word_1_162' title='bbox 1328 2646 1437 2708; x_wconf 90' lang='lat' dir='ltr'>audivi</span> <span class='ocrx_word' id='word_1_163' title='bbox 1463 2646 1494 2707; x_wconf 91' lang='lat' dir='ltr'>in</span> <span class='ocrx_word' id='word_1_164' title='bbox 1518 2645 1603 2708; x_wconf 90' lang='lat' dir='ltr'>dicta</span> <span class='ocrx_word' id='word_1_165' title='bbox 1637 2646 1788 2708; x_wconf 88' lang='lat' dir='ltr'>canonica</span> 
     </span>
     <span class='ocr_line' id='line_1_19' title="bbox 513 2743 1789 2825; baseline 0.002 -21"><span class='ocrx_word' id='word_1_166' title='bbox 513 2767 529 2798; x_wconf 72' lang='lat'>⁴&lt;</span> <span class='ocrx_word' id='word_1_167' title='bbox 546 2743 644 2805; x_wconf 90' lang='lat' dir='ltr'>sancti</span> <span class='ocrx_word' id='word_1_168' title='bbox 669 2744 840 2818; x_wconf 91' lang='lat' dir='ltr'>Ambrosii,</span> <span class='ocrx_word' id='word_1_169' title='bbox 865 2746 952 2825; x_wconf 92' lang='lat' dir='ltr'>quod</span> <span class='ocrx_word' id='word_1_170' title='bbox 977 2745 1030 2806; x_wconf 89' lang='lat' dir='ltr'>ille</span> <span class='ocrx_word' id='word_1_171' title='bbox 1054 2744 1253 2825; x_wconf 87' lang='lat' dir='ltr'>praepositus</span> <span class='ocrx_word' id='word_1_172' title='bbox 1276 2745 1375 2807; x_wconf 91' lang='lat' dir='ltr'>sancti</span> <span class='ocrx_word' id='word_1_173' title='bbox 1395 2745 1556 2806; x_wconf 93' lang='lat' dir='ltr'>Ambrosii</span> <span class='ocrx_word' id='word_1_174' title='bbox 1581 2743 1714 2806; x_wconf 83' lang='lat' dir='ltr'>faciebat</span> <span class='ocrx_word' id='word_1_175' title='bbox 1729 2743 1789 2806; x_wconf 91' lang='lat' dir='ltr'>cle·</span> 
     </span>
     <span class='ocr_line' id='line_1_20' title="bbox 513 2841 1787 2924; baseline 0.005 -26"><span class='ocrx_word' id='word_1_176' title='bbox 513 2865 529 2898; x_wconf 69' lang='lat' dir='ltr'>a</span> <span class='ocrx_word' id='word_1_177' title='bbox 546 2841 627 2904; x_wconf 90' lang='lat' dir='ltr'>ricos</span> <span class='ocrx_word' id='word_1_178' title='bbox 643 2869 673 2904; x_wconf 85' lang='lat'>».</span> <span class='ocrx_word' id='word_1_179' title='bbox 700 2841 753 2903; x_wconf 93' lang='lat' dir='ltr'>Nil</span> <span class='ocrx_word' id='word_1_180' title='bbox 778 2843 893 2905; x_wconf 90' lang='lat' dir='ltr'>mirum</span> <span class='ocrx_word' id='word_1_181' title='bbox 917 2844 1005 2924; x_wconf 93' lang='lat' dir='ltr'>quod</span> <span class='ocrx_word' id='word_1_182' title='bbox 1029 2844 1157 2905; x_wconf 87' lang='lat' dir='ltr'>collatio</span> <span class='ocrx_word' id='word_1_183' title='bbox 1180 2843 1333 2906; x_wconf 88' lang='lat' dir='ltr'>clericalis</span> <span class='ocrx_word' id='word_1_184' title='bbox 1356 2855 1505 2906; x_wconf 92' lang='lat' dir='ltr'>tonsurae</span> <span class='ocrx_word' id='word_1_185' title='bbox 1528 2864 1600 2905; x_wconf 91' lang='lat' dir='ltr'>cum</span> <span class='ocrx_word' id='word_1_186' title='bbox 1619 2843 1787 2906; x_wconf 85' lang='lat' dir='ltr'>collatione</span> 
     </span>
     <span class='ocr_line' id='line_1_21' title="bbox 510 2940 1786 3022; baseline 0.001 -21"><span class='ocrx_word' id='word_1_187' title='bbox 510 2940 733 3002; x_wconf 88' lang='lat' dir='ltr'>beneficiorum</span> <span class='ocrx_word' id='word_1_188' title='bbox 758 2941 799 3003; x_wconf 90' lang='lat' dir='ltr'>ad</span> <span class='ocrx_word' id='word_1_189' title='bbox 822 2941 988 3022; x_wconf 90' lang='lat' dir='ltr'>episcopos</span> <span class='ocrx_word' id='word_1_190' title='bbox 1003 2941 1086 3004; x_wconf 89' lang='lat' dir='ltr'>circa</span> <span class='ocrx_word' id='word_1_191' title='bbox 1109 2942 1187 3004; x_wconf 90' lang='lat' dir='ltr'>haec</span> <span class='ocrx_word' id='word_1_192' title='bbox 1210 2953 1353 3022; x_wconf 91' lang='lat' dir='ltr'>tempora</span> <span class='ocrx_word' id='word_1_193' title='bbox 1375 2954 1609 3014; x_wconf 90' lang='lat' dir='ltr'>reservaretur;</span> <span class='ocrx_word' id='word_1_194' title='bbox 1634 2963 1707 3003; x_wconf 87' lang='lat' dir='ltr'>nam</span> <span class='ocrx_word' id='word_1_195' title='bbox 1725 2941 1786 3003; x_wconf 89' lang='lat' dir='ltr'>iam</span> 
     </span>
     <span class='ocr_line' id='line_1_22' title="bbox 510 3038 1787 3125; baseline 0.002 -25"><span class='ocrx_word' id='word_1_196' title='bbox 510 3038 635 3100; x_wconf 93' lang='lat' dir='ltr'>saeculo</span> <span class='ocrx_word' id='word_1_197' title='bbox 669 3039 731 3098; x_wconf 87' lang='lat' dir='ltr'>XII</span> <span class='ocrx_word' id='word_1_198' title='bbox 768 3038 902 3112; x_wconf 90' lang='lat' dir='ltr'>labente,</span> <span class='ocrx_word' id='word_1_199' title='bbox 928 3040 973 3102; x_wconf 93' lang='lat' dir='ltr'>uti</span> <span class='ocrx_word' id='word_1_200' title='bbox 1009 3039 1130 3102; x_wconf 86' lang='lat' dir='ltr'>Giulini</span> <span class='ocrx_word' id='word_1_201' title='bbox 1155 3038 1265 3125; x_wconf 83' lang='lat' dir='ltr'>(Mem.</span> <span class='ocrx_word' id='word_1_202' title='bbox 1291 3043 1327 3102; x_wconf 86' lang='lat' dir='ltr'>di</span> <span class='ocrx_word' id='word_1_203' title='bbox 1347 3042 1474 3104; x_wconf 75' lang='lat' dir='ltr'>Milone</span> <span class='ocrx_word' id='word_1_204' title='bbox 1497 3049 1518 3102; x_wconf 93' lang='lat' dir='ltr'>t.</span> <span class='ocrx_word' id='word_1_205' title='bbox 1543 3040 1616 3111; x_wconf 92' lang='lat' dir='ltr'>Vll,</span> <span class='ocrx_word' id='word_1_206' title='bbox 1642 3061 1672 3121; x_wconf 92' lang='lat' dir='ltr'>p.</span> <span class='ocrx_word' id='word_1_207' title='bbox 1714 3039 1787 3124; x_wconf 85' lang='lat'>158)</span> 
     </span>
     <span class='ocr_line' id='line_1_23' title="bbox 509 3136 1788 3218; baseline 0.002 -21"><span class='ocrx_word' id='word_1_208' title='bbox 509 3136 654 3208; x_wconf 85' lang='lat' dir='ltr'>advertit,</span> <span class='ocrx_word' id='word_1_209' title='bbox 691 3136 802 3198; x_wconf 87' lang='lat' dir='ltr'>electio</span> <span class='ocrx_word' id='word_1_210' title='bbox 836 3138 877 3198; x_wconf 92' lang='lat' dir='ltr'>ad</span> <span class='ocrx_word' id='word_1_211' title='bbox 913 3138 1065 3200; x_wconf 88' lang='lat' dir='ltr'>beneficia</span> <span class='ocrx_word' id='word_1_212' title='bbox 1088 3138 1244 3201; x_wconf 89' lang='lat' dir='ltr'>clericalia</span> <span class='ocrx_word' id='word_1_213' title='bbox 1268 3159 1330 3200; x_wconf 93' lang='lat' dir='ltr'>non</span> <span class='ocrx_word' id='word_1_214' title='bbox 1355 3138 1499 3201; x_wconf 90' lang='lat' dir='ltr'>absolute</span> <span class='ocrx_word' id='word_1_215' title='bbox 1526 3138 1711 3218; x_wconf 85' lang='lat' dir='ltr'>acollegiis</span> <span class='ocrx_word' id='word_1_216' title='bbox 1740 3159 1788 3199; x_wconf 92' lang='lat' dir='ltr'>ca·</span> 
     </span>
     <span class='ocr_line' id='line_1_24' title="bbox 444 3235 1788 3316; baseline 0.002 -21"><span class='ocrx_word' id='word_1_217' title='bbox 444 3245 449 3252; x_wconf 90' lang='lat'>&#39;</span> <span class='ocrx_word' id='word_1_218' title='bbox 510 3235 695 3296; x_wconf 92' lang='lat' dir='ltr'>nonicorum</span> <span class='ocrx_word' id='word_1_219' title='bbox 720 3255 894 3316; x_wconf 91' lang='lat' dir='ltr'>eorumque</span> <span class='ocrx_word' id='word_1_220' title='bbox 917 3236 1105 3316; x_wconf 90' lang='lat' dir='ltr'>praepositis</span> <span class='ocrx_word' id='word_1_221' title='bbox 1126 3237 1229 3310; x_wconf 87' lang='lat' dir='ltr'>fiebat,</span> <span class='ocrx_word' id='word_1_222' title='bbox 1254 3237 1309 3298; x_wconf 89' lang='lat' dir='ltr'>sed</span> <span class='ocrx_word' id='word_1_223' title='bbox 1329 3237 1465 3298; x_wconf 89' lang='lat' dir='ltr'>Romani</span> <span class='ocrx_word' id='word_1_224' title='bbox 1493 3236 1653 3299; x_wconf 87' lang='lat' dir='ltr'>Pontificis</span> <span class='ocrx_word' id='word_1_225' title='bbox 1675 3249 1707 3299; x_wconf 88' lang='lat' dir='ltr'>et</span> <span class='ocrx_word' id='word_1_226' title='bbox 1730 3237 1788 3298; x_wconf 91' lang='lat' dir='ltr'>Ar-</span> 
     </span>
     <span class='ocr_line' id='line_1_25' title="bbox 510 3333 1787 3416; baseline 0.002 -22"><span class='ocrx_word' id='word_1_227' title='bbox 510 3333 782 3413; x_wconf 90' lang='lat' dir='ltr'>chiepiscoporum</span> <span class='ocrx_word' id='word_1_228' title='bbox 807 3335 1113 3414; x_wconf 87' lang='lat' dir='ltr'>praesentationibus</span> <span class='ocrx_word' id='word_1_229' title='bbox 1128 3336 1355 3407; x_wconf 88' lang='lat' dir='ltr'>reservabatur,</span> <span class='ocrx_word' id='word_1_230' title='bbox 1380 3335 1498 3416; x_wconf 92' lang='lat' dir='ltr'>quibus</span> <span class='ocrx_word' id='word_1_231' title='bbox 1521 3335 1637 3397; x_wconf 89' lang='lat' dir='ltr'>deinde</span> <span class='ocrx_word' id='word_1_232' title='bbox 1659 3334 1787 3397; x_wconf 89' lang='lat' dir='ltr'>collatio</span> 
     </span>
     <span class='ocr_line' id='line_1_26' title="bbox 510 3431 1788 3515; baseline 0.002 -24"><span class='ocrx_word' id='word_1_233' title='bbox 510 3431 555 3492; x_wconf 95' lang='lat' dir='ltr'>uti</span> <span class='ocrx_word' id='word_1_234' title='bbox 575 3432 730 3511; x_wconf 88' lang='lat' dir='ltr'>privativa</span> <span class='ocrx_word' id='word_1_235' title='bbox 745 3432 873 3494; x_wconf 89' lang='lat' dir='ltr'>tandem</span> <span class='ocrx_word' id='word_1_236' title='bbox 891 3433 1049 3495; x_wconf 88' lang='lat' dir='ltr'>remansit.</span> <span class='ocrx_word' id='word_1_237' title='bbox 1069 3433 1154 3495; x_wconf 93' lang='lat' dir='ltr'>Hinc</span> <span class='ocrx_word' id='word_1_238' title='bbox 1171 3434 1250 3496; x_wconf 86' lang='lat' dir='ltr'>sorte</span> <span class='ocrx_word' id='word_1_239' title='bbox 1267 3433 1455 3514; x_wconf 89' lang='lat' dir='ltr'>intelligitur</span> <span class='ocrx_word' id='word_1_240' title='bbox 1470 3454 1576 3515; x_wconf 89' lang='lat' dir='ltr'>quare,</span> <span class='ocrx_word' id='word_1_241' title='bbox 1594 3433 1669 3495; x_wconf 87' lang='lat' dir='ltr'>sede</span> <span class='ocrx_word' id='word_1_242' title='bbox 1688 3432 1788 3495; x_wconf 91' lang='lat' dir='ltr'>arehi-</span> 
     </span>
     <span class='ocr_line' id='line_1_27' title="bbox 509 3530 1787 3612; baseline 0 -21"><span class='ocrx_word' id='word_1_243' title='bbox 509 3530 679 3610; x_wconf 90' lang='lat' dir='ltr'>episcopali</span> <span class='ocrx_word' id='word_1_244' title='bbox 695 3543 835 3603; x_wconf 90' lang='lat' dir='ltr'>vacante,</span> <span class='ocrx_word' id='word_1_245' title='bbox 852 3552 924 3594; x_wconf 92' lang='lat' dir='ltr'>cum</span> <span class='ocrx_word' id='word_1_246' title='bbox 941 3531 1010 3594; x_wconf 90' lang='lat' dir='ltr'>iura</span> <span class='ocrx_word' id='word_1_247' title='bbox 1025 3531 1216 3612; x_wconf 89' lang='lat' dir='ltr'>episcopalia</span> <span class='ocrx_word' id='word_1_248' title='bbox 1232 3533 1272 3594; x_wconf 93' lang='lat' dir='ltr'>ab</span> <span class='ocrx_word' id='word_1_249' title='bbox 1289 3531 1468 3594; x_wconf 88' lang='lat' dir='ltr'>Ordinariis</span> <span class='ocrx_word' id='word_1_250' title='bbox 1483 3531 1632 3594; x_wconf 88' lang='lat' dir='ltr'>eeclesiae</span> <span class='ocrx_word' id='word_1_251' title='bbox 1659 3531 1787 3611; x_wconf 89' lang='lat' dir='ltr'>majoris</span> 
     </span>
     <span class='ocr_line' id='line_1_28' title="bbox 510 3629 1787 3710; baseline 0 -20"><span class='ocrx_word' id='word_1_252' title='bbox 510 3641 738 3700; x_wconf 83' lang='lat' dir='ltr'>exercerentur,</span> <span class='ocrx_word' id='word_1_253' title='bbox 755 3629 837 3692; x_wconf 89' lang='lat' dir='ltr'>circa</span> <span class='ocrx_word' id='word_1_254' title='bbox 853 3650 925 3692; x_wconf 94' lang='lat' dir='ltr'>ann.</span> <span class='ocrx_word' id='word_1_255' title='bbox 947 3638 1029 3708; x_wconf 84' lang='lat'>1308</span> <span class='ocrx_word' id='word_1_256' title='bbox 1053 3641 1206 3693; x_wconf 88' lang='lat' dir='ltr'>statutum</span> <span class='ocrx_word' id='word_1_257' title='bbox 1232 3631 1324 3692; x_wconf 86' lang='lat' dir='ltr'>suerit</span> <span class='ocrx_word' id='word_1_258' title='bbox 1340 3652 1359 3692; x_wconf 90' lang='lat' dir='ltr'>a</span> <span class='ocrx_word' id='word_1_259' title='bbox 1376 3630 1621 3710; x_wconf 88' lang='lat' dir='ltr'>Metropolitano</span> <span class='ocrx_word' id='word_1_260' title='bbox 1638 3629 1787 3709; x_wconf 89' lang='lat' dir='ltr'>Capitulo</span> 
     </span>
     <span class='ocr_line' id='line_1_29' title="bbox 509 3727 1784 3809; baseline 0.001 -22"><span class='ocrx_word' id='word_1_261' title='bbox 509 3727 606 3806; x_wconf 88' lang='lat' dir='ltr'>quod,</span> <span class='ocrx_word' id='word_1_262' title='bbox 630 3728 741 3790; x_wconf 89' lang='lat' dir='ltr'>eadem</span> <span class='ocrx_word' id='word_1_263' title='bbox 765 3729 840 3789; x_wconf 88' lang='lat' dir='ltr'>sede</span> <span class='ocrx_word' id='word_1_264' title='bbox 863 3741 1002 3801; x_wconf 87' lang='lat' dir='ltr'>vacante,</span> <span class='ocrx_word' id='word_1_265' title='bbox 1028 3729 1069 3790; x_wconf 87' lang='lat' dir='ltr'>ad</span> <span class='ocrx_word' id='word_1_266' title='bbox 1093 3729 1273 3791; x_wconf 87' lang='lat' dir='ltr'>clericatum</span> <span class='ocrx_word' id='word_1_267' title='bbox 1298 3728 1416 3809; x_wconf 87' lang='lat' dir='ltr'>eligere</span> <span class='ocrx_word' id='word_1_268' title='bbox 1439 3741 1568 3808; x_wconf 90' lang='lat' dir='ltr'>possent</span> <span class='ocrx_word' id='word_1_269' title='bbox 1588 3728 1784 3796; x_wconf 91' lang='lat' dir='ltr'>candidatos,</span> 
     </span>
     <span class='ocr_line' id='line_1_30' title="bbox 509 3825 1784 3906; baseline 0.001 -20"><span class='ocrx_word' id='word_1_270' title='bbox 509 3825 644 3905; x_wconf 88' lang='lat' dir='ltr'>quisque</span> <span class='ocrx_word' id='word_1_271' title='bbox 668 3826 858 3888; x_wconf 89' lang='lat' dir='ltr'>Ordinarius</span> <span class='ocrx_word' id='word_1_272' title='bbox 873 3847 936 3896; x_wconf 90' lang='lat' dir='ltr'>sex,</span> <span class='ocrx_word' id='word_1_273' title='bbox 955 3826 1220 3906; x_wconf 87' lang='lat' dir='ltr'>Archipresbyter</span> <span class='ocrx_word' id='word_1_274' title='bbox 1236 3847 1310 3889; x_wconf 89' lang='lat' dir='ltr'>vero</span> <span class='ocrx_word' id='word_1_275' title='bbox 1334 3839 1366 3889; x_wconf 90' lang='lat' dir='ltr'>et</span> <span class='ocrx_word' id='word_1_276' title='bbox 1382 3826 1636 3889; x_wconf 89' lang='lat' dir='ltr'>Archidiaconus</span> <span class='ocrx_word' id='word_1_277' title='bbox 1661 3846 1784 3894; x_wconf 88' lang='lat' dir='ltr'>novem,</span> 
     </span>
     <span class='ocr_line' id='line_1_31' title="bbox 508 3923 1785 4006; baseline 0 -22"><span class='ocrx_word' id='word_1_278' title='bbox 508 3924 626 4002; x_wconf 86' lang='lat' dir='ltr'>quibus</span> <span class='ocrx_word' id='word_1_279' title='bbox 642 3935 746 3986; x_wconf 88' lang='lat' dir='ltr'>tamen</span> <span class='ocrx_word' id='word_1_280' title='bbox 764 3924 928 4004; x_wconf 91' lang='lat' dir='ltr'>presbyter</span> <span class='ocrx_word' id='word_1_281' title='bbox 952 3925 1151 3996; x_wconf 74' lang='lat' dir='ltr'>OrdinariuS,</span> <span class='ocrx_word' id='word_1_282' title='bbox 1168 3947 1187 3986; x_wconf 91' lang='lat' dir='ltr'>a</span> <span class='ocrx_word' id='word_1_283' title='bbox 1212 3925 1361 4005; x_wconf 90' lang='lat' dir='ltr'>Capitulo</span> <span class='ocrx_word' id='word_1_284' title='bbox 1384 3925 1584 4006; x_wconf 87' lang='lat' dir='ltr'>designatus,</span> <span class='ocrx_word' id='word_1_285' title='bbox 1610 3923 1785 3986; x_wconf 86' lang='lat' dir='ltr'>clericalem</span> 
     </span>
     <span class='ocr_line' id='line_1_32' title="bbox 508 4021 1785 4103; baseline 0.001 -20"><span class='ocrx_word' id='word_1_286' title='bbox 508 4021 663 4084; x_wconf 84' lang='lat' dir='ltr'>conferret</span> <span class='ocrx_word' id='word_1_287' title='bbox 686 4033 866 4096; x_wconf 85' lang='lat' dir='ltr'>tonsuram;</span> <span class='ocrx_word' id='word_1_288' title='bbox 884 4022 924 4083; x_wconf 92' lang='lat' dir='ltr'>ad</span> <span class='ocrx_word' id='word_1_289' title='bbox 941 4023 1028 4103; x_wconf 92' lang='lat' dir='ltr'>quod</span> <span class='ocrx_word' id='word_1_290' title='bbox 1045 4023 1183 4086; x_wconf 86' lang='lat' dir='ltr'>officium</span> <span class='ocrx_word' id='word_1_291' title='bbox 1208 4023 1261 4086; x_wconf 90' lang='lat' dir='ltr'>die</span> <span class='ocrx_word' id='word_1_292' title='bbox 1279 4031 1296 4086; x_wconf 90' lang='grc'>8</span> <span class='ocrx_word' id='word_1_293' title='bbox 1316 4023 1420 4086; x_wconf 89' lang='lat' dir='ltr'>martii</span> <span class='ocrx_word' id='word_1_294' title='bbox 1445 4023 1587 4103; x_wconf 81' lang='lat' dir='ltr'>ejusdem</span> <span class='ocrx_word' id='word_1_295' title='bbox 1604 4023 1678 4084; x_wconf 88' lang='lat' dir='ltr'>anni</span> <span class='ocrx_word' id='word_1_296' title='bbox 1695 4021 1785 4084; x_wconf 86' lang='lat' dir='ltr'>electi</span> 
     </span>
     <span class='ocr_line' id='line_1_33' title="bbox 510 4120 1787 4184; baseline 0 -3"><span class='ocrx_word' id='word_1_297' title='bbox 510 4120 636 4182; x_wconf 90' lang='lat' dir='ltr'>suerunt</span> <span class='ocrx_word' id='word_1_298' title='bbox 659 4121 810 4184; x_wconf 88' lang='lat' dir='ltr'>Albertus</span> <span class='ocrx_word' id='word_1_299' title='bbox 833 4121 873 4182; x_wconf 91' lang='lat' dir='ltr'>de</span> <span class='ocrx_word' id='word_1_300' title='bbox 898 4121 1035 4182; x_wconf 87' lang='lat' dir='ltr'>Busnate</span> <span class='ocrx_word' id='word_1_301' title='bbox 1058 4131 1088 4182; x_wconf 90' lang='lat' dir='ltr'>et</span> <span class='ocrx_word' id='word_1_302' title='bbox 1107 4122 1286 4183; x_wconf 89' lang='lat' dir='ltr'>Bernardus</span> <span class='ocrx_word' id='word_1_303' title='bbox 1309 4121 1577 4184; x_wconf 88' lang='lat' dir='ltr'>Scaccabarotius.</span> <span class='ocrx_word' id='word_1_304' title='bbox 1604 4122 1692 4182; x_wconf 87' lang='lat' dir='ltr'>Haec</span> <span class='ocrx_word' id='word_1_305' title='bbox 1715 4141 1787 4183; x_wconf 93' lang='lat' dir='ltr'>con-</span> 
     </span>
     <span class='ocr_line' id='line_1_34' title="bbox 508 4219 1786 4300; baseline 0 -20"><span class='ocrx_word' id='word_1_306' title='bbox 508 4219 654 4292; x_wconf 91' lang='lat' dir='ltr'>suetudo,</span> <span class='ocrx_word' id='word_1_307' title='bbox 684 4219 809 4282; x_wconf 88' lang='lat' dir='ltr'>nemine</span> <span class='ocrx_word' id='word_1_308' title='bbox 844 4220 1087 4290; x_wconf 87' lang='lat' dir='ltr'>contradicente,</span> <span class='ocrx_word' id='word_1_309' title='bbox 1112 4220 1218 4282; x_wconf 89' lang='lat' dir='ltr'>adhuc</span> <span class='ocrx_word' id='word_1_310' title='bbox 1244 4221 1305 4281; x_wconf 90' lang='lat' dir='ltr'>XV</span> <span class='ocrx_word' id='word_1_311' title='bbox 1330 4221 1456 4282; x_wconf 91' lang='lat' dir='ltr'>saeculo</span> <span class='ocrx_word' id='word_1_312' title='bbox 1479 4221 1616 4300; x_wconf 86' lang='lat' dir='ltr'>vigebat,</span> <span class='ocrx_word' id='word_1_313' title='bbox 1652 4239 1724 4281; x_wconf 92' lang='lat' dir='ltr'>curn</span> <span class='ocrx_word' id='word_1_314' title='bbox 1747 4239 1786 4280; x_wconf 84' lang='lat' dir='ltr'>ex</span> 
     </span>
     <span class='ocr_line' id='line_1_35' title="bbox 508 4317 1787 4399; baseline 0.001 -20"><span class='ocrx_word' id='word_1_315' title='bbox 508 4318 586 4380; x_wconf 89' lang='lat' dir='ltr'>actis</span> <span class='ocrx_word' id='word_1_316' title='bbox 621 4328 744 4381; x_wconf 88' lang='lat' dir='ltr'>constet</span> <span class='ocrx_word' id='word_1_317' title='bbox 777 4339 861 4380; x_wconf 88' lang='lat' dir='ltr'>anno</span> <span class='ocrx_word' id='word_1_318' title='bbox 901 4338 978 4396; x_wconf 77' lang='lat'>1401</span> <span class='ocrx_word' id='word_1_319' title='bbox 1018 4318 1070 4380; x_wconf 92' lang='lat' dir='ltr'>die</span> <span class='ocrx_word' id='word_1_320' title='bbox 1095 4339 1113 4396; x_wconf 85' lang='lat'>3</span> <span class='ocrx_word' id='word_1_321' title='bbox 1137 4338 1210 4399; x_wconf 88' lang='lat' dir='ltr'>aug.</span> <span class='ocrx_word' id='word_1_322' title='bbox 1236 4341 1254 4380; x_wconf 88' lang='lat' dir='ltr'>a</span> <span class='ocrx_word' id='word_1_323' title='bbox 1278 4319 1426 4399; x_wconf 90' lang='lat' dir='ltr'>Capitulo</span> <span class='ocrx_word' id='word_1_324' title='bbox 1459 4317 1705 4398; x_wconf 89' lang='lat' dir='ltr'>Metropolitano</span> <span class='ocrx_word' id='word_1_325' title='bbox 1734 4319 1787 4380; x_wconf 91' lang='lat' dir='ltr'>de·</span> 
     </span>
     <span class='ocr_line' id='line_1_36' title="bbox 509 4415 1785 4498; baseline 0 -20"><span class='ocrx_word' id='word_1_326' title='bbox 509 4429 654 4496; x_wconf 89' lang='lat' dir='ltr'>putatum</span> <span class='ocrx_word' id='word_1_327' title='bbox 671 4417 767 4480; x_wconf 90' lang='lat' dir='ltr'>suisse</span> <span class='ocrx_word' id='word_1_328' title='bbox 782 4417 1062 4488; x_wconf 87' lang='lat' dir='ltr'>Archidiaconum,</span> <span class='ocrx_word' id='word_1_329' title='bbox 1087 4429 1118 4478; x_wconf 91' lang='lat' dir='ltr'>et</span> <span class='ocrx_word' id='word_1_330' title='bbox 1141 4417 1283 4497; x_wconf 90' lang='lat' dir='ltr'>quinque</span> <span class='ocrx_word' id='word_1_331' title='bbox 1307 4418 1507 4498; x_wconf 88' lang='lat' dir='ltr'>presbyteros</span> <span class='ocrx_word' id='word_1_332' title='bbox 1531 4415 1719 4479; x_wconf 89' lang='lat' dir='ltr'>Ordinarios</span> <span class='ocrx_word' id='word_1_333' title='bbox 1745 4417 1785 4478; x_wconf 89' lang='lat' dir='ltr'>ad</span> 
     </span>
     <span class='ocr_line' id='line_1_37' title="bbox 509 4514 1787 4578; baseline -0.001 -2"><span class='ocrx_word' id='word_1_334' title='bbox 509 4515 653 4577; x_wconf 85' lang='lat' dir='ltr'>habitum</span> <span class='ocrx_word' id='word_1_335' title='bbox 677 4515 921 4578; x_wconf 89' lang='lat' dir='ltr'>ecclesiasticum</span> <span class='ocrx_word' id='word_1_336' title='bbox 946 4526 977 4576; x_wconf 94' lang='lat' dir='ltr'>et</span> <span class='ocrx_word' id='word_1_337' title='bbox 1004 4514 1180 4577; x_wconf 89' lang='lat' dir='ltr'>clericalem</span> <span class='ocrx_word' id='word_1_338' title='bbox 1211 4526 1373 4578; x_wconf 88' lang='lat' dir='ltr'>tonsuram</span> <span class='ocrx_word' id='word_1_339' title='bbox 1405 4515 1627 4578; x_wconf 87' lang='lat' dir='ltr'>conserendam</span> <span class='ocrx_word' id='word_1_340' title='bbox 1663 4514 1787 4576; x_wconf 90' lang='lat' dir='ltr'>idoneis</span> 
     </span>
     <span class='ocr_line' id='line_1_38' title="bbox 509 4612 1787 4694; baseline -0.001 -19"><span class='ocrx_word' id='word_1_341' title='bbox 509 4614 751 4693; x_wconf 92' lang='lat' dir='ltr'>postulantibus.</span> <span class='ocrx_word' id='word_1_342' title='bbox 779 4615 978 4676; x_wconf 89' lang='lat' dir='ltr'>Documenta</span> <span class='ocrx_word' id='word_1_343' title='bbox 1001 4612 1096 4675; x_wconf 91' lang='lat' dir='ltr'>allata</span> <span class='ocrx_word' id='word_1_344' title='bbox 1119 4633 1157 4674; x_wconf 88' lang='lat' dir='ltr'>ex</span> <span class='ocrx_word' id='word_1_345' title='bbox 1180 4613 1259 4677; x_wconf 90' lang='lat' dir='ltr'>actis</span> <span class='ocrx_word' id='word_1_346' title='bbox 1281 4614 1401 4677; x_wconf 90' lang='lat' dir='ltr'>archivi</span> <span class='ocrx_word' id='word_1_347' title='bbox 1428 4613 1574 4694; x_wconf 89' lang='lat' dir='ltr'>Magistri</span> <span class='ocrx_word' id='word_1_348' title='bbox 1611 4613 1787 4675; x_wconf 89' lang='lat' dir='ltr'>Caeremo-</span> 
     </span>
     <span class='ocr_line' id='line_1_39' title="bbox 509 4711 1786 4793; baseline -0.002 -19"><span class='ocrx_word' id='word_1_349' title='bbox 509 4712 632 4774; x_wconf 89' lang='lat' dir='ltr'>niarum</span> <span class='ocrx_word' id='word_1_350' title='bbox 664 4712 856 4793; x_wconf 91' lang='lat' dir='ltr'>deprompsi,</span> <span class='ocrx_word' id='word_1_351' title='bbox 881 4732 995 4792; x_wconf 87' lang='lat' dir='ltr'>nempe</span> <span class='ocrx_word' id='word_1_352' title='bbox 1026 4732 1063 4773; x_wconf 88' lang='lat' dir='ltr'>ex</span> <span class='ocrx_word' id='word_1_353' title='bbox 1095 4712 1200 4774; x_wconf 92' lang='lat' dir='ltr'>rotulo</span> <span class='ocrx_word' id='word_1_354' title='bbox 1224 4735 1296 4775; x_wconf 89' lang='lat' dir='ltr'>ann.</span> <span class='ocrx_word' id='word_1_355' title='bbox 1327 4719 1419 4790; x_wconf 89' lang='lat'>1289,</span> <span class='ocrx_word' id='word_1_356' title='bbox 1444 4733 1538 4792; x_wconf 85' lang='lat' dir='ltr'>quern</span> <span class='ocrx_word' id='word_1_357' title='bbox 1571 4733 1643 4774; x_wconf 92' lang='lat' dir='ltr'>cum</span> <span class='ocrx_word' id='word_1_358' title='bbox 1675 4711 1786 4774; x_wconf 88' lang='lat' dir='ltr'>ceteris</span> 
     </span>
     <span class='ocr_line' id='line_1_40' title="bbox 508 4809 1786 4892; baseline -0.001 -20"><span class='ocrx_word' id='word_1_359' title='bbox 508 4811 708 4873; x_wconf 88' lang='lat' dir='ltr'>documentis</span> <span class='ocrx_word' id='word_1_360' title='bbox 731 4812 873 4892; x_wconf 88' lang='lat' dir='ltr'>ejusdem</span> <span class='ocrx_word' id='word_1_361' title='bbox 897 4830 1011 4872; x_wconf 89' lang='lat' dir='ltr'>causae</span> <span class='ocrx_word' id='word_1_362' title='bbox 1033 4809 1064 4872; x_wconf 91' lang='lat' dir='ltr'>in</span> <span class='ocrx_word' id='word_1_363' title='bbox 1089 4810 1247 4874; x_wconf 88' lang='lat' dir='ltr'>tabulario</span> <span class='ocrx_word' id='word_1_364' title='bbox 1271 4811 1418 4873; x_wconf 88' lang='lat' dir='ltr'>basilicae</span> <span class='ocrx_word' id='word_1_365' title='bbox 1441 4809 1659 4872; x_wconf 90' lang='lat' dir='ltr'>ambrosianae</span> <span class='ocrx_word' id='word_1_366' title='bbox 1681 4810 1786 4872; x_wconf 89' lang='lat' dir='ltr'>adhuc</span> 
     </span>
     <span class='ocr_line' id='line_1_41' title="bbox 509 4907 1785 4992; baseline -0.001 -21"><span class='ocrx_word' id='word_1_367' title='bbox 509 4909 641 4971; x_wconf 87' lang='lat' dir='ltr'>servatis</span> <span class='ocrx_word' id='word_1_368' title='bbox 665 4909 823 4992; x_wconf 87' lang='lat' dir='ltr'>integrum</span> <span class='ocrx_word' id='word_1_369' title='bbox 848 4909 880 4972; x_wconf 91' lang='lat' dir='ltr'>in</span> <span class='ocrx_word' id='word_1_370' title='bbox 904 4921 1018 4989; x_wconf 88' lang='lat' dir='ltr'>quarto</span> <span class='ocrx_word' id='word_1_371' title='bbox 1042 4909 1155 4972; x_wconf 91' lang='lat' dir='ltr'>horum</span> <span class='ocrx_word' id='word_1_372' title='bbox 1181 4911 1458 4972; x_wconf 81' lang='lat' dir='ltr'>Monumenlorum</span> <span class='ocrx_word' id='word_1_373' title='bbox 1482 4908 1644 4972; x_wconf 91' lang='lat' dir='ltr'>volumine</span> <span class='ocrx_word' id='word_1_374' title='bbox 1667 4907 1785 4989; x_wconf 87' lang='lat' dir='ltr'>publici</span> 
     </span>
     <span class='ocr_line' id='line_1_42' title="bbox 505 5007 1787 5088; baseline -0.001 -19"><span class='ocrx_word' id='word_1_375' title='bbox 505 5007 587 5087; x_wconf 86' lang='lat' dir='ltr'>juris</span> <span class='ocrx_word' id='word_1_376' title='bbox 611 5007 732 5083; x_wconf 81' lang='lat' dir='ltr'>faciam,</span> <span class='ocrx_word' id='word_1_377' title='bbox 767 5009 841 5071; x_wconf 90' lang='lat' dir='ltr'>licet</span> <span class='ocrx_word' id='word_1_378' title='bbox 863 5029 902 5069; x_wconf 88' lang='lat' dir='ltr'>ex</span> <span class='ocrx_word' id='word_1_379' title='bbox 925 5017 1013 5088; x_wconf 89' lang='lat' dir='ltr'>parte</span> <span class='ocrx_word' id='word_1_380' title='bbox 1049 5007 1112 5069; x_wconf 90' lang='lat' dir='ltr'>iam</span> <span class='ocrx_word' id='word_1_381' title='bbox 1135 5009 1293 5070; x_wconf 80' lang='lat' dir='ltr'>Purr&#39;celli</span> <span class='ocrx_word' id='word_1_382' title='bbox 1312 5007 1344 5070; x_wconf 96' lang='lat' dir='ltr'>in</span> <span class='ocrx_word' id='word_1_383' title='bbox 1369 5029 1426 5070; x_wconf 91' lang='lat' dir='ltr'>sua</span> <span class='ocrx_word' id='word_1_384' title='bbox 1452 5009 1644 5070; x_wconf 76' lang='lat' dir='ltr'>Naaan&#39;ano</span> <span class='ocrx_word' id='word_1_385' title='bbox 1677 5007 1787 5070; x_wconf 72' lang='lat' dir='ltr'>desser-</span> 
     </span>
     <span class='ocr_line' id='line_1_43' title="bbox 509 5104 1786 5191; baseline 0 -24"><span class='ocrx_word' id='word_1_386' title='bbox 509 5111 622 5169; x_wconf 78' lang='lat' dir='ltr'>talr&#39;nne</span> <span class='ocrx_word' id='word_1_387' title='bbox 641 5108 757 5188; x_wconf 90' lang='lat' dir='ltr'>passim</span> <span class='ocrx_word' id='word_1_388' title='bbox 782 5104 847 5191; x_wconf 88' lang='lat' dir='ltr'>(pp.</span> <span class='ocrx_word' id='word_1_389' title='bbox 877 5125 935 5183; x_wconf 86' lang='lat'>192</span> <span class='ocrx_word' id='word_1_390' title='bbox 961 5117 992 5168; x_wconf 93' lang='lat' dir='ltr'>et</span> <span class='ocrx_word' id='word_1_391' title='bbox 1010 5104 1086 5190; x_wconf 78' lang='lat'>567)</span> <span class='ocrx_word' id='word_1_392' title='bbox 1109 5105 1247 5180; x_wconf 85' lang='lat' dir='ltr'>dederit;</span> <span class='ocrx_word' id='word_1_393' title='bbox 1271 5106 1333 5168; x_wconf 88' lang='lat' dir='ltr'>alia</span> <span class='ocrx_word' id='word_1_394' title='bbox 1355 5127 1465 5169; x_wconf 90' lang='lat' dir='ltr'>annor.</span> <span class='ocrx_word' id='word_1_395' title='bbox 1495 5113 1577 5184; x_wconf 84' lang='lat'>1308</span> <span class='ocrx_word' id='word_1_396' title='bbox 1597 5116 1628 5168; x_wconf 93' lang='lat' dir='ltr'>et</span> <span class='ocrx_word' id='word_1_397' title='bbox 1649 5125 1728 5183; x_wconf 92' lang='lat'>1401</span> <span class='ocrx_word' id='word_1_398' title='bbox 1748 5126 1786 5168; x_wconf 84' lang='lat' dir='ltr'>ex</span> 
     </span>
    </p>
   </div>
   <div class='ocr_carea' id='block_1_5' title="bbox 0 0 2046 6128">
    <p class='ocr_par' dir='ltr' id='par_1_5' title="bbox 0 0 2046 6128">
     <span class='ocr_line' id='line_1_44' title="bbox 0 0 2046 6128; baseline 0 2"><span class='ocrx_word' id='word_1_399' title='bbox 0 0 2046 6128; x_wconf 95' lang='lat' dir='ltr'> </span> 
     </span>
    </p>
   </div>
  </div>
 </body>
</html>
