4078 6126
387 535 392 544 ⁴
490 557 541 607 140
810 537 937 592 INDEX
956 539 1180 593 ALPHABET.
1202 534 1332 594 ORAT„
1355 532 1439 585 ETC.

489 785 702 866 Omnipotens
725 783 916 865 sempiterne
940 783 1028 845 Deus

556 884 707 964 quiante
730 883 857 946 archam
885 889 935 947 18.

554 982 609 1063 qui
633 982 675 1045 de
697 981 790 1062 plebe
812 991 867 1042 tua
895 1001 966 1058 129.

555 1081 611 1160 qui
635 1081 789 1144 famulum
813 1091 904 1142 tuum
934 1097 1006 1154 123.

559 1179 680 1260 respice
703 1177 860 1259 propitius
890 1195 941 1255 27.

490 1279 643 1342 Omnium
669 1278 807 1341 Domine
831 1277 901 1338 lons
925 1296 978 1353 92.

489 1379 642 1441 Omnium
668 1378 738 1440 lons
761 1378 917 1440 bonorum
947 1393 1018 1453 133.

489 1479 636 1551 Oramus,
659 1475 856 1540 dilectissimi

555 1578 675 1649 fratres,
702 1587 737 1639 ut
761 1575 921 1639 Dominus
949 1594 998 1636 20.

557 1675 662 1736 Deum
688 1675 811 1736 Patrem
835 1694 888 1752 40,
913 1679 965 1752 46.

489 1777 636 1848 oremus,
661 1776 771 1838 fratres
800 1774 1007 1845 dilectissimi,
1040 1783 1075 1834 ut

601 1873 689 1936 Deus
714 1893 764 1936 20.

490 1974 555 2035 Pax
578 1973 653 2035 huic
675 1973 786 2036 domui
812 1993 841 2038 2.

490 2071 556 2153 Per,
570 2091 667 2151 quem
691 2071 901 2134 haecomnia
929 2089 999 2132 102.

490 2172 626 2243 Praesta,
651 2192 853 2251 quaesumus,

558 2270 705 2343 Domine,
731 2283 766 2333 ut
800 2269 974 2332 secundum
1007 2288 1076 2348 pro·

601 2369 785 2433 missionem
814 2389 885 2448 130.

491 2468 627 2539 Praesta,
652 2489 855 2548 quaesumus
875 2466 1076 2546 omnipotens

603 2565 701 2638 Deus,

556 2665 630 2727 huic
655 2664 774 2728 famulo
797 2677 853 2729 tuo
878 2686 931 2743 31.

556 2774 592 2825 ut
614 2763 690 2827 huic
714 2763 833 2826 famulo
858 2782 908 2842 27.

556 2862 669 2943 utqui
693 2873 767 2925 tuae
789 2861 962 2943 majestatis
990 2881 1059 2938 129.

491 2961 601 3023 Preces
624 2961 761 3024 famulae
782 2971 856 3022 tuae
876 2979 928 3038 59.

490 3058 644 3121 Profiteor
667 3047 878 3140 inquantum
908 3078 978 3136 124.

491 3156 675 3237 Propitiare,
702 3157 849 3229 Domine,
875 3154 1077 3236 supplicatio·

601 3258 696 3320 nibus
719 3258 838 3321 nostris

555 3367 587 3418 et
610 3355 761 3418 inclinato
785 3357 860 3418 huic
886 3375 936 3434 51.

556 3465 588 3517 et
611 3455 765 3519 institutis
787 3455 851 3518 tuis
876 3460 928 3520 66.

491 3552 647 3633 Prospice,
672 3554 874 3634 omnipotens
910 3552 1007 3624 Deua,
1032 3573 1077 3614 se·

600 3651 684 3714 renis
707 3651 874 3715 obtutibus
899 3657 952 3717 62.

491 3749 702 3827 Quaesumus
727 3751 930 3830 omnipotens
955 3749 1052 3821 Deus,

557 3858 593 3910 ut
615 3848 675 3910 1100
698 3848 730 3910 111
755 3848 825 3911 1000
850 3854 902 3913 26.

557 3944 701 4009 instituta
714 3946 933 4027 providentiae
941 3958 1013 4008 tuae
1023 3951 1076 4025 67.

491 4044 662 4123 Quoniam,
675 4045 871 4109 dilectissimi
888 4045 999 4108 fratres
1023 4066 1075 4125 44.

490 4143 663 4207 Rectitudo
686 4145 771 4226 regis
793 4155 841 4208 est
869 4164 938 4222 119.

491 4243 635 4322 Respice,
662 4245 809 4316 Domine,

557 4341 693 4405 famulae
717 4355 791 4406 tuae
816 4363 866 4422 59.

556 4441 715 4521 propitius
738 4463 834 4523 super
857 4443 939 4505 hanc
964 4449 1017 4520 89.

491 4538 627 4619 Respice
655 4541 822 4621 propitius,
855 4540 1003 4612 Domine,
1029 4560 1079 4602 su-

602 4639 763 4716 perhanc
788 4644 839 4717 56.

491 4735 658 4814 Rogamus
696 4748 741 4809 te,
779 4736 919 4798 Domine
957 4748 1077 4809 sancte,

604 4834 696 4896 Pater
723 4835 927 4915 omnipotens
953 4844 1079 4897 aeterne

602 4931 699 5006 Deus,
724 4945 760 4996 ut
782 4931 926 5014 digneris
952 4954 1003 4999 21.

490 5027 669 5104 Sanctifica,
700 5031 848 5104 Domine,
878 5030 1078 5111 signaculum

602 5129 758 5210 passionis
780 5152 830 5196 21.

1182 779 1404 842 Sanctificetur

1249 876 1336 938 istud
1359 875 1533 956 hospitium
1558 895 1614 956 77.

1249 977 1310 1038 hoc
1332 973 1487 1054 templum
1512 995 1542 1052 9.

1183 1075 1237 1138 Sic
1260 1075 1345 1156 agite
1370 1094 1421 1153 34.

1183 1173 1353 1256 Singulare
1377 1173 1456 1236 illud
1480 1171 1770 1255 repropitiatorium

1294 1273 1382 1354 quod
1406 1294 1455 1339 11.

1182 1373 1232 1435 Sit
1255 1372 1356 1439 nobis,
1374 1371 1494 1444 fratres,
1511 1371 1692 1434 communis
1703 1393 1771 1434 ora·

1294 1471 1339 1534 tio
1362 1490 1414 1550 47.

1183 1569 1323 1650 Spiritus
1346 1570 1454 1632 Sancti
1478 1570 1582 1652 gratia
1609 1592 1682 1649 132.

1182 1669 1240 1731 Sta
1262 1683 1294 1733 et
1316 1671 1417 1732 retine
1432 1671 1549 1733 amodo
1565 1670 1670 1732 locum
1699 1690 1769 1750 117.

1183 1767 1325 1849 Suscipe,
1351 1768 1500 1840 Domine,
1525 1789 1633 1849 preces
1663 1779 1695 1830 et
1717 1768 1771 1830 ho·

1296 1867 1373 1930 stias
1397 1873 1450 1946 64.

1185 1966 1327 2046 Suscipe,
1341 1987 1544 2046 quaesumus
1554 1966 1703 2039 Domine,
1713 1987 1771 2047 pro

1295 2085 1384 2127 sacro
1407 2065 1568 2128 connubio
1592 2070 1644 2127 66.

1126 2212 1129 2238 ,
1184 2162 1231 2223 Te
1253 2162 1448 2235 invocamus,
1476 2164 1659 2230 Domine...

1251 2281 1347 2341 super
1371 2261 1428 2324 has
1451 2261 1585 2324 famulas
1609 2281 1661 2340 55.

1251 2371 1287 2421 ut
1310 2360 1395 2421 hunc
1419 2360 1572 2422 famulum
1602 2381 1672 2440 113.

1184 2458 1350 2520 Terribilis
1372 2471 1419 2521 est
1442 2459 1531 2521 locus
1557 2480 1608 2538 25.

1185 2557 1301 2620 Tollite
1324 2569 1432 2637 portas
1458 2578 1486 2619 2.

1184 2659 1234 2719 Tu
1258 2677 1301 2729 es,
1318 2656 1475 2729 Domine,
1499 2656 1555 2736 qui
1581 2677 1632 2735 31.

1186 2753 1641 2834 Unanimesatqueconcordes
1650 2760 1701 2832 98,
1713 2771 1768 2831 107

1185 2855 1314 2919 Vere...

1253 2949 1695 3022 DominatorDomineDeus,
1704 2951 1771 3012 Rex

1297 3061 1421 3124 unctus,
1445 3060 1557 3112 auctor
1581 3057 1632 3127 98,
1663 3069 1734 3128 107.

1254 3149 1343 3210 Deus
1392 3149 1550 3211 honorum
1605 3148 1770 3218 omnium,

1300 3251 1389 3312 Deus
1412 3250 1555 3312 omnium
1582 3271 1633 3329 52,
1660 3270 1713 3329 54.

1253 3348 1312 3408 Per
1335 3368 1430 3428 quem
1456 3348 1664 3422 Maiestatem,
1690 3354 1743 3414 86.

1253 3450 1312 3510 Per
1346 3469 1442 3529 quem
1467 3461 1498 3511 te
1532 3449 1692 3529 supplices
1722 3448 1774 3511 de-

1297 3567 1463 3626 precamur
1488 3553 1540 3613 26.

1254 3648 1313 3709 Per
1335 3668 1431 3727 quem
1456 3657 1486 3709 te
1502 3645 1662 3727 supplices
1684 3667 1774 3728 roga·

1298 3768 1370 3810 mus
1397 3768 1469 3825 130.

1253 3844 1415 3923 Quicum
1441 3844 1530 3906 Deus
1553 3855 1636 3906 esset
1664 3864 1734 3910 100.

1253 3946 1318 4026 Qui
1342 3946 1470 4009 foedera
1494 3947 1675 4026 nuptiarum
1702 3951 1753 4008 66.

1254 4043 1319 4123 Qui
1358 4057 1431 4122 post
1471 4042 1665 4106 offendicula
1710 4043 1774 4123 lap·

1298 4162 1353 4206 sus
1380 4164 1427 4205 12.

1187 4241 1280 4304 Viam
1305 4253 1486 4305 sauctorum
1510 4241 1654 4304 omnium
1679 4261 1732 4320 75.

1187 4340 1402 4402 Victoriosum
1427 4351 1458 4402 te
1481 4351 1578 4422 atque
1600 4340 1776 4420 triumpha-

1298 4451 1399 4503 torem
1428 4447 1500 4506 128.

1187 4538 1271 4600 Vide
1294 4537 1385 4600 cuius
1409 4537 1619 4600 ministerium
1644 4544 1696 4616 38.

1187 4637 1371 4700 Visibilium
1395 4649 1427 4700 et
1450 4637 1658 4700 invisibilium
1684 4643 1736 4704 61.

1187 4736 1285 4798 Vivat
1309 4736 1378 4797 Rex
1406 4756 1478 4813 119.

1187 4834 1322 4906 Votivis‚
1344 4854 1547 4916 quaesumus,
1567 4833 1715 4907 Domine,
1734 4833 1776 4896 sa·

1299 4935 1403 4998 mulae
1427 4946 1500 4998 tuae
1524 4955 1576 5014 59.

1187 5036 1261 5097 Vox
1286 5033 1417 5096 Domini
1446 5053 1494 5113 17.

1188 5132 1295 5196 Vultis
1310 5143 1434 5196 sanctas
1452 5131 1512 5195 Dei
1529 5131 1677 5196 ecclesias
1702 5151 1774 5211 124.

1010 5325 1260 5334 „---..--..——.
