4078 6126
541 531 676 592 SERMO
698 531 739 584 IN
761 530 1039 584 DEDICATIONE
1060 531 1277 586 ECCLESIAE
1512 535 1545 599 83

270 775 386 862 nimis,
417 793 455 850 et
476 801 646 873 gemmas
668 777 860 874 pretiosas,
881 779 983 852 venit
1010 779 1057 854 ad
1087 780 1338 866 Salomonem,
1360 798 1398 855 et
1425 780 1547 855 locuta

268 918 325 974 est
350 901 383 974 ei
413 903 584 976 universa
611 929 708 1001 quae
736 902 898 977 habebat
926 905 962 976 in
990 905 1102 978 corde
1131 932 1211 979 suo.
1244 908 1346 1004 Ergo
1366 907 1402 978 in
1427 906 1546 1004 figura

269 1027 377 1100 huius
405 1029 557 1126 reginae
585 1029 686 1102 venit
715 1027 880 1104 Ecclesia
913 1056 959 1103 ex
993 1031 1168 1128 gentibus
1205 1033 1401 1129 imponens
1434 1031 1545 1105 finem

267 1153 527 1249 cupiditatibus
563 1154 734 1252 vitiisque
769 1156 941 1240 terrenis,
984 1155 1112 1230 audire
1150 1156 1362 1232 Salomonis
1401 1158 1549 1255 sapien-

268 1279 366 1365 tiam,
384 1279 422 1351 id
441 1295 499 1356 est
518 1280 582 1353 viri
604 1280 742 1378 pacifici
765 1282 917 1355 Domini
939 1283 1053 1355 nostri
1069 1282 1182 1380 jhesu
1209 1283 1356 1369 Christi,
1378 1285 1441 1380 qui
1462 1284 1548 1357 lecit
1576 1313 1591 1362 5

267 1420 422 1501 utraque
450 1429 576 1490 unum,
607 1405 755 1479 solvens
784 1407 988 1480 inimicitias
1017 1407 1111 1481 inter
1140 1408 1264 1482 Deum
1293 1424 1331 1482 et
1359 1409 1544 1482 hominem

266 1528 302 1600 in
330 1554 439 1602 carne
468 1555 545 1603 sua.
577 1531 689 1604 Venit
716 1547 801 1627 post
829 1548 973 1606 veteres
993 1550 1030 1606 et
1049 1533 1223 1630 profanas
1247 1535 1542 1631 superstitiones,

266 1654 393 1728 audire
425 1670 464 1729 et
490 1654 632 1730 discere
660 1657 707 1730 de
737 1655 821 1731 fidei
852 1657 1130 1733 inluminatione
1158 1677 1196 1733 et
1233 1660 1366 1734 iudicio
1405 1662 1543 1746 sutum,

266 1780 313 1854 de
346 1782 492 1856 animae
527 1782 804 1868 inmortalitate,
842 1783 890 1857 de
925 1809 992 1881 spe
1027 1787 1304 1860 resurrectionis
1341 1803 1379 1860 et
1414 1786 1544 1884 gloria.

267 1907 379 1981 Venit
406 1933 498 2006 ergo
527 1909 562 1982 in
587 1908 816 2005 Jherusalem
836 1935 919 1982 cum
949 1910 1064 1984 multu
1089 1913 1275 1996 comitatu,
1307 1912 1344 1984 id
1373 1930 1440 1996 est,
1473 1938 1546 1985 non
1579 1939 1610 1975 10

267 2033 338 2106 iam
366 2060 449 2108 cum
479 2061 553 2109 una
581 2051 722 2108 tantum
756 2053 870 2133 gente
894 2036 1135 2132 ludaeorum,
1175 2039 1268 2112 sicut
1306 2039 1407 2136 prius
1443 2065 1547 2134 syna-

266 2184 367 2256 goga
396 2159 496 2234 solos
524 2161 652 2234 habuit
671 2159 869 2248 haebreos;
900 2161 966 2234 sed
986 2163 1098 2237 totius
1128 2165 1255 2238 mundi
1278 2166 1464 2262 gentibus,
1495 2165 1546 2238 di-

267 2285 456 2382 versisque
492 2286 713 2360 nationibus.
752 2287 865 2360 Venit
898 2312 989 2385 ergo
1026 2288 1205 2362 exhibens
1243 2316 1396 2364 munera
1431 2290 1547 2387 digna

268 2409 426 2498 Christo,
457 2437 586 2485 aurum
615 2430 654 2485 et
680 2437 849 2510 gemmas
876 2414 1096 2509 praetiosas;
1125 2432 1163 2488 et
1191 2415 1260 2490 hoc
1288 2416 1437 2491 camelis
1466 2443 1546 2513 por-

267 2537 448 2623 tantibus,
483 2537 519 2610 id
547 2553 621 2624 est,
655 2563 702 2612 ex
734 2538 864 2635 gentili
898 2539 1037 2637 populo
1066 2543 1315 2629 venientibus;
1346 2544 1408 2640 qui
1445 2543 1545 2639 prius
1578 2577 1609 2626 15

268 2661 412 2736 fuerant
437 2663 607 2738 vitiorum
637 2663 812 2737 foeditate
841 2665 995 2751 distorti,
1027 2683 1065 2740 et
1092 2667 1271 2741 malorum
1301 2668 1402 2742 oneri
1432 2670 1543 2753 curvi,

267 2813 310 2861 ac
337 2804 570 2885 peccatorum
599 2789 777 2886 pravitate
807 2791 1009 2865 deformes:
1039 2819 1123 2865 cum
1161 2794 1218 2866 his
1251 2811 1440 2892 tamquam
1471 2821 1547 2868 mu·

270 2914 418 2986 neribus
436 2915 566 3012 regina
584 2914 674 2989 haec
694 2917 898 3014 ingreditur
916 2916 964 2991 ad
984 2919 1174 3014 pacificum
1194 2945 1321 3016 regem
1345 2919 1543 3006 Christum,

267 3037 446 3112 exhibens
475 3065 599 3114 secum
627 3041 712 3116 fidei
735 3068 876 3127 aurum,
899 3043 1067 3138 puritatis
1089 3044 1280 3118 incensum
1304 3047 1542 3142 praetiosum,

267 3163 559 3262 splendoresque
586 3192 827 3264 gemmarum,
851 3167 987 3242 scilicet
1014 3170 1174 3267 insignia
1198 3189 1415 3245 ornamenta
1438 3173 1546 3246 virtu-
1574 3204 1608 3240 20

267 3306 356 3364 tum.
381 3291 429 3364 Et
447 3291 569 3366 locuta
587 3309 644 3366 est
663 3294 695 3366 ei
719 3294 890 3366 universa
916 3319 1012 3391 quae
1032 3294 1193 3369 habebat
1212 3297 1247 3369 in
1271 3297 1382 3370 corde
1402 3323 1481 3382 su0‚
1508 3298 1562 3369 icl¹

267 3431 324 3488 est
357 3417 501 3512 aperuit
528 3418 561 3490 ei
590 3443 653 3491 cor
685 3444 810 3504 suum,
847 3418 1093 3493 manifestavit
1117 3421 1151 3494 ei
1183 3421 1326 3495 occulta
1355 3423 1547 3496 conscien-

267 3540 338 3613 tiae
367 3567 456 3615 suae
485 3542 521 3615 in
549 3543 781 3618 consessione
809 3561 847 3618 et
875 3545 1115 3641 poenitudine
1136 3547 1433 3643 praecedentium
1454 3548 1547 3620 deli-

266 3680 418 3740 ctorum.
450 3668 654 3742 Videamus
683 3669 772 3766 quid
800 3686 889 3767 agat
917 3668 1007 3742 haec
1036 3672 1174 3768 regina.
1197 3672 1349 3752 Videns,
1381 3673 1541 3770 inquam,

267 3793 394 3890 regina
413 3794 536 3869 Sabaa
556 3821 703 3869 omnem
724 3796 941 3892 sapientiam
962 3796 1182 3882 Salomonis,
1204 3816 1242 3871 et
1260 3799 1411 3871 domum
1432 3825 1543 3895 quarn
1574 3841 1606 3888 25

267 3918 531 4008 aedificaverat,
562 3938 599 3994 et
627 3922 729 3994 cibos
757 3947 907 3995 mensae
927 3923 1077 4009 eius-et
1096 3922 1311 3997 holocausta
1333 3950 1430 4021 quae
1454 3925 1546 3998 ofse-

267 4044 370 4118 rebat
397 4044 433 4118 in
462 4047 586 4133 domo,
618 4072 692 4119 non
722 4046 884 4120 habebat
911 4047 1007 4122 ultra
1035 4048 1213 4145 spiritum.
1245 4048 1346 4142 Quid
1381 4066 1460 4123 erat
1492 4076 1546 4123 ra-

269 4169 387 4256 tionis,
418 4187 459 4244 ut
486 4188 710 4269 praepotens
733 4173 862 4269 regina
881 4173 1044 4258 domum,
1075 4199 1270 4271 expensas,
1301 4193 1339 4248 et
1367 4175 1469 4248 cibos
1492 4201 1544 4249 re-

266 4295 348 4390 gios
375 4312 569 4394 tantopere
597 4298 808 4371 miraretur?
828 4299 930 4397 Ergo
949 4298 1018 4372 hoc
1047 4299 1128 4374 loco
1156 4300 1280 4398 aliqua
1308 4301 1447 4397 majora
1477 4326 1544 4374 nos

267 4438 411 4517 oportet
439 4423 632 4521 inquirere.
658 4423 760 4495 Vidit
787 4449 879 4521 ergo
909 4424 1073 4499 Ecclesia
1105 4452 1152 4499 ex
1184 4427 1359 4524 gentibus
1393 4451 1546 4524 congre·
1573 4456 1607 4506 30

266 4563 352 4642 gata
379 4547 598 4644 sapientiam
628 4547 774 4632 Christi,
805 4548 842 4620 id
871 4565 937 4635 est,
969 4568 1053 4647 post
1081 4552 1240 4624 carnalia
1268 4552 1434 4624 instituta
1454 4577 1544 4649 gen-

267 4671 392 4759 tilium,
415 4691 500 4770 post
518 4673 716 4747 humanam
737 4690 775 4746 et
793 4674 989 4748 animalem
1005 4677 1208 4751 doctrinam
1228 4677 1542 4774 phylosophorum

266 4800 404 4895 accepit
423 4799 646 4874 intellectum
666 4797 810 4886 salutis;
835 4800 930 4874 vitae
951 4802 1110 4899 inspexit
1129 4802 1344 4899 spiritalium
1365 4802 1543 4875 mirabilia

404 5069 431 5120 8.
453 5066 685 5120 inluminatione:
706 5084 783 5121 corr.
804 5084 844 5121 ex
866 5067 1125 5122 inluminationem.
1147 5100 1179 5108 —
1203 5073 1244 5124 16.
1266 5069 1392 5124 fuerant:
1412 5086 1490 5123 corr.
1505 5086 1544 5122 ea·

335 5146 433 5200 suerat.
456 5179 489 5186 —
509 5165 552 5214 29.
572 5156 736 5214 tantopere:
758 5165 836 5202 corr.
856 5166 897 5202 ex
917 5157 998 5202 tanto
1017 5165 1078 5216 per.
