4078 6126
550 544 600 594 114
815 527 1019 582 APPENDIX
1039 528 1095 581 AD
1117 527 1263 581 PONTIF
1267 527 1385 581 ICALE
1403 527 1514 580 SAEC.
1537 526 1589 580 lX.

548 777 626 851 dito
653 777 804 874 populu,
826 803 918 875 opes
949 776 1100 874 frugiles
1118 775 1353 850 abundanter
1370 775 1559 872 adquirat;
1580 773 1687 848 simul
1707 775 1755 849 ad
1774 802 1831 850 sa·

548 901 661 976 lutem
682 929 756 976 non
776 903 896 977 solum
919 928 1125 1000 corporum,
1157 902 1224 975 sed
1243 902 1354 975 etiam
1373 901 1550 987 cordium,
1572 926 1595 974 a
1617 917 1654 976 te
1682 927 1832 976 conces-

549 1054 627 1101 sam
651 1030 792 1104 cunctis
811 1055 833 1102 a
852 1029 992 1103 cunctis
1021 1028 1186 1124 accipiat.
1217 1027 1353 1125 Sicque
1382 1028 1419 1100 in
1439 1043 1475 1101 te
1494 1029 1697 1126 cogitatum
1716 1029 1830 1102 animi

547 1153 814 1251 consiliumque
844 1180 955 1228 omne
977 1179 1207 1249 componens
1229 1153 1481 1250 gubernacula
1499 1180 1582 1227 cum
1603 1179 1694 1250 pace
1722 1154 1831 1227 simul

503 1321 518 1371 5
548 1294 587 1353 et
619 1281 801 1376 sapientia
833 1279 940 1354 simul
974 1304 1122 1376 semper
1154 1279 1316 1352 invenire
1349 1279 1528 1353 videatur.
1563 1279 1695 1378 Teque
1727 1281 1834 1353 auxi-

549 1404 677 1492 liante,
717 1407 923 1504 praesentis
959 1407 1055 1480 vitae
1089 1404 1335 1502 prolixitatem
1373 1405 1551 1503 percipiat
1587 1422 1625 1480 et
1662 1422 1833 1503 tempora

548 1532 664 1618 bona;
698 1559 817 1630 usque
849 1533 897 1608 ad
930 1555 1112 1605 summam
1145 1547 1373 1605 senectutem
1406 1532 1614 1627 perveniat:
1645 1531 1832 1628 huiusque

551 1659 755 1758 fragilitatis
774 1660 885 1733 finem
905 1658 1105 1756 perlectam
1125 1658 1172 1731 ab
1191 1657 1364 1730 omnibus
1379 1657 1555 1730 viciorum
1570 1657 1724 1731 vinculis
1743 1674 1832 1732 tuae

549 1787 696 1884 pietatis
715 1787 884 1884 largitate
913 1784 1099 1869 liberatus
1129 1799 1167 1856 et
1195 1783 1358 1856 infinitae
1382 1784 1637 1880 prosperitatis
1665 1785 1832 1881 praemia

490 1945 520 1982 ιο
548 1927 728 2009 perpetua
747 1911 1053 2009 Angelorumque
1072 1925 1224 1982 aeterna
1242 1910 1461 1984 commercia
1478 1925 1738 2006 consequatur.
1761 1911 1834 1984 Per

551 2038 765 2113 Dominum.

972 2163 1083 2235 Sacri
1107 2163 1295 2236 benedicti>
1323 2163 1399 2237 olei.

657 2313 690 2383 3.
710 2290 815 2362 Deus
837 2289 909 2361 Dei
931 2287 1045 2361 Filius
1060 2288 1195 2385 Jhesus
1215 2287 1384 2362 Christus
1405 2289 1592 2362 Dominus
1612 2306 1748 2376 noster,
1765 2292 1831 2390 qui

547 2442 570 2488 a
599 2417 706 2489 Patre
734 2414 818 2487 oleo
847 2413 1083 2487 exultationis
1111 2431 1243 2488 unctus
1271 2433 1328 2488 est
1354 2439 1444 2511 prae
1472 2414 1711 2512 participibus
1740 2416 1830 2502 suis,

487 2575 517 2624 15
548 2542 627 2638 ipse
656 2567 723 2638 per
744 2556 979 2638 praesentem
1008 2541 1098 2614 sacri
1128 2541 1304 2638 unguinis
1333 2541 1556 2615 infusionem
1576 2541 1737 2638 Spiritus
1761 2543 1835 2616 Pa-

549 2665 661 2740 racliti
682 2693 795 2763 super
811 2681 923 2763 caput
941 2683 1044 2741 tuum
1065 2667 1235 2741 infundat
1261 2667 1575 2754 benedictionem;
1596 2668 1833 2766 eandemque

550 2818 668 2890 usque
696 2792 744 2867 ad
772 2792 945 2866 interiora
967 2792 1087 2866 cordis
1110 2793 1162 2866 tui
1191 2809 1384 2890 penetrare
1404 2794 1528 2882 saciat,
1553 2811 1738 2894 quatenus
1761 2795 1834 2870 hoc

549 2919 681 2992 visibili
710 2932 748 2992 et
775 2918 952 2992 tractabili
981 2917 1082 2992 dono
1117 2917 1311 2992 invisibilia
1341 2921 1540 3016 percipere,
1571 2937 1609 2994 et
1636 2921 1832 3019 temporali

550 3071 667 3143 regno
697 3044 800 3118 iustis
835 3043 1149 3118 moderaminibus
1181 3059 1372 3130 exsecuto,
1407 3046 1642 3121 aeternaliter
1671 3073 1755 3120 cum
1784 3074 1833 3122 eo

488 3205 521 3242 20
550 3196 706 3270 regnare
734 3171 918 3254 merearis,
949 3169 1012 3267 qui
1042 3168 1143 3243 solus
1170 3170 1252 3244 sine
1279 3187 1432 3266 peccato
1451 3196 1516 3245 rex
1534 3198 1666 3270 regum
1685 3173 1773 3247 vivit
1793 3190 1833 3248 et

549 3297 728 3395 gloriatur
755 3322 839 3369 cum
870 3296 954 3368 Deo
984 3296 1091 3369 Patre
1120 3296 1157 3368 in
1186 3296 1326 3369 unitate
1355 3296 1515 3394 Spiritus
1549 3297 1675 3372 Sancti
1711 3301 1830 3373 Deus,

658 3447 693 3516 4.
723 3423 835 3495 Alia:
864 3421 970 3495 Deus
999 3421 1198 3495 electorum
1228 3421 1414 3507 fortitudo,
1444 3439 1483 3496 et
1510 3423 1701 3498 humilium
1729 3423 1835 3498 celsi·

551 3550 652 3634 tudo,
675 3550 737 3646 qui
761 3548 797 3621 in
822 3547 1022 3645 primordio
1044 3573 1112 3643 per
1130 3546 1348 3621 effusionem
1371 3548 1495 3622 diluvii
1524 3550 1676 3623 crimina
1703 3551 1833 3623 mundi

551 3676 733 3773 castigare
762 3672 918 3759 voluisti,
940 3689 979 3747 et
1000 3698 1067 3770 per
1094 3671 1303 3746 columbam
1322 3700 1463 3748 ramum
1484 3675 1603 3750 olivae
1621 3693 1832 3773 portantem

490 3839 522 3888 25
552 3827 681 3899 pacem
718 3801 823 3875 terris
855 3798 1036 3873 redditam
1070 3799 1350 3886 demonstrasti,
1382 3801 1589 3899 iterumque
1621 3802 1749 3876 Aaron
1783 3802 1834 3874 sa·

552 3927 690 4000 mulum
720 3943 824 4000 tuum
853 3952 919 4022 per
936 3925 1148 3998 unctionem
1172 3923 1243 3998 olei
1264 3924 1494 3999 sacerdotem
1515 3927 1679 4012 sanxisti,
1710 3944 1748 4001 et
1769 3954 1834 4024 po·

553 4071 633 4128 stea
661 4079 728 4150 per
754 4052 862 4125 huius
890 4051 1072 4150 unguenti
1099 4051 1321 4124 infusionem
1349 4051 1397 4124 ad
1427 4053 1633 4150 regendum
1653 4053 1834 4151 populum

554 4179 811 4254 israheliticum
832 4178 1042 4252 sacerdotes
1064 4203 1106 4251 ac
1129 4203 1238 4274 reges
1257 4193 1295 4251 et
1314 4177 1514 4275 prophetas
1541 4178 1735 4276 perfecisti,
1757 4180 1835 4253 vul-

538 4323 632 4380 'tum
661 4305 697 4378 in
726 4303 810 4377 oleo
837 4301 1014 4377 ecclesiae
1034 4301 1311 4376 exhilarandum
1340 4327 1406 4399 per
1424 4302 1677 4400 propheticam
1707 4305 1833 4380 samuli

492 4480 526 4530 30
554 4432 606 4505 tui
634 4455 763 4504 vocem
795 4429 916 4503 David
946 4453 1030 4502 esse
1059 4427 1289 4524 praedixisti:
1312 4427 1371 4512 ita,
1397 4452 1636 4524 quaesumus,
1668 4431 1835 4528 omnipo-

698 4661 724 4712 8.
746 4657 919 4725 fragilitatis:
948 4673 1026 4710 corr.
1053 4672 1092 4710 ex
1120 4655 1274 4720 fragilitati.
1302 4685 1336 4696 ·-
1364 4671 1405 4710 12.
1427 4655 1594 4712 benedictio:
1620 4659 1724 4714 unctio.
1744 4660 1778 4712 C.
1798 4689 1835 4699 -

630 4755 671 4804 14.
692 4738 771 4793 oleo:
792 4740 882 4807 suppl.
902 4753 942 4792 ex
961 4737 1031 4790 Cel
1052 4736 1113 4791 edd.
1134 4767 1166 4775 -
1191 4751 1233 4800 15.
1254 4751 1320 4802 per:
1346 4739 1437 4804 suppl.
1463 4753 1503 4792 ex
1527 4739 1560 4793 C.
1588 4769 1621 4778 —
1646 4738 1831 4794 infusionem:

627 4837 705 4874 corr.
718 4837 758 4875 ex
776 4819 929 4874 inlusione.
944 4847 978 4858 -
992 4833 1036 4871 21.
1058 4815 1179 4870 unitate:
1201 4816 1310 4870 unitate
1329 4817 1469 4872 eiusdem.
1489 4819 1522 4873 C.

604 5040 632 5098 3.
658 5019 737 5080 Ord.
764 5019 856 5080 Rom.
886 5039 956 5097 150,
983 5020 1067 5080 Men.
1095 5025 1167 5096 258,
1194 5019 1277 5080 Mur.
1303 5026 1377 5097 458,
1404 5019 1496 5079 Mart.
1522 5019 1600 5080 Ord.
1626 5021 1665 5093 V,
1690 5021 1748 5085 Vl.

603 5139 632 5197 4.
659 5119 745 5182 Men.
772 5137 843 5197 259,
870 5118 962 5179 Mart.
988 5118 1066 5179 Ord.
1093 5116 1117 5188 Ι,
1141 5118 1181 5190 V,
1208 5115 1310 5178 Leosr.
1338 5115 1425 5179 Miss
1453 5135 1516 5196 ²30
