4078 6126
466 524 477 577 I
498 521 618 585 ORDO,
641 522 692 576 EX
712 522 859 576 CODICE
879 524 1222 579 METROPOLITANO
1242 526 1351 580 SAEC.
1372 527 1426 581 XI.
1539 543 1588 593 117

309 797 350 845 ac
378 772 560 846 stabilitor
586 773 876 861 christianitatiS,
907 792 945 848 et
972 776 1191 851 christianae
1228 777 1312 851 fidei
1348 803 1586 875 permaneas:

309 917 348 972 ut
377 898 462 972 felix
482 900 517 974 in
537 925 662 996 opere,
693 900 858 998 locuples
878 902 914 975 in
935 902 1019 989 fide,
1044 930 1128 977 cum
1157 930 1247 1002 rege
1266 930 1397 1002 regum
1416 905 1585 1002 glorieris

310 1050 375 1122 per
400 1051 548 1100 aevum:
578 1027 635 1100 cui
664 1045 721 1101 est
749 1027 868 1101 honor
890 1044 928 1102 et
945 1028 1064 1126 gloria
1088 1057 1155 1128 per
1174 1031 1315 1106 infinita
1344 1031 1491 1106 saecula
1511 1058 1587 1106 sae·

309 1150 484 1225 culorum.
515 1153 651 1226 Amen.

689 1279 846 1368 Quando
866 1283 1023 1377 pontiur
1050 1283 1088 1354 in
1116 1284 1215 1357 salzb.
1616 1308 1631 1358 ⁵

415 1431 450 1496 9.
477 1406 544 1479 Sta
562 1422 601 1478 et
619 1407 736 1479 retine
764 1406 900 1480 amodo
928 1406 1059 1492 locum,
1082 1433 1194 1505 quem
1223 1408 1415 1506 hucusque
1434 1425 1588 1504 paterna

309 1531 541 1606 successione
569 1532 717 1606 tenuisti
746 1531 991 1607 haereditario
1014 1534 1092 1607 iure
1112 1534 1176 1608 tibi
1196 1534 1421 1632 delegatum,
1443 1561 1510 1631 per
1527 1559 1589 1608 au·

308 1660 512 1732 ctoritatem
542 1657 614 1731 Dei
643 1657 921 1754 omnipotentis.

743 1785 918 1880 Sequitur
946 1785 1143 1880 benedz'clzb.

419 1935 466 1984 10
496 1910 674 1994 Benedic,
707 1909 886 1994 Domine,
917 1909 1014 1984 hunc
1042 1909 1492 2009 praesulem'principem,
1524 1913 1587 2010 qui
1618 1943 1650 1980 10

309 2061 422 2134 regna
450 2061 581 2134 regum
610 2035 775 2108 omnium
803 2045 826 2108 a
854 2034 1003 2110 saeculo
1030 2037 1245 2111 moderaris.
1276 2037 1412 2112 Amen.

413 2163 463 2235 Et
490 2159 552 2235 tali
581 2187 666 2235 eum
696 2160 955 2235 benedictione
974 2160 1149 2260 glorifica,
1171 2181 1212 2238 ut
1234 2164 1442 2238 davidicum
1462 2181 1588 2238 teneat

309 2287 541 2362 sublimitatis
570 2261 755 2384 sceptrum
784 2286 923 2374 salutiS,
947 2303 986 2361 et
1013 2290 1260 2364 sanctificatus
1289 2291 1457 2387 protinus
1485 2316 1587 2388 repe·

309 2414 419 2488 riatur
448 2415 484 2488 in
514 2415 656 2488 merit0.
687 2414 822 2499 Amen.

416 2542 478 2614 Da
504 2541 539 2615 ei
567 2566 590 2614 a
617 2557 682 2614 tuo
711 2540 919 2636 Spiramine
947 2567 1030 2614 cum
1060 2542 1344 2615 mansuetudine
1379 2543 1429 2615 ita
1456 2567 1586 2640 regere
1617 2577 1647 2628 15

306 2667 495 2763 populum,
513 2667 608 2740 sicut
625 2664 865 2740 Salomonem
885 2666 1000 2740 fecisti
1021 2693 1178 2764 regnum
1197 2669 1365 2741 obtinere
1380 2669 1583 2765 pacificum.

307 2792 442 2866 Amen.

414 2919 498 2993 Tibi
528 2943 675 3015 semper
702 2945 785 2992 cum
821 2921 952 2993 timore
984 2919 1031 2992 sit
1063 2919 1251 3004 subdituS,
1282 2921 1423 3017 tibique
1456 2920 1586 2995 militet

305 3072 387 3118 cum
415 3045 542 3142 quieto
570 3070 704 3142 regno;
725 3046 772 3119 sit
790 3063 855 3120 tuo
882 3044 1012 3142 clypeo
1031 3062 1219 3143 protectus
1247 3073 1330 3120 cum
1358 3048 1581 3144 proceribus,

306 3188 344 3244 et
371 3171 509 3268 ubique
538 3185 686 3243 maneat
714 3171 793 3244 sine
821 3196 950 3269 pugna
978 3173 1103 3246 victor.
1135 3172 1270 3246 Amen.
1614 3219 1647 3254 20

410 3297 471 3368 Sis
490 3297 523 3368 ei
552 3311 679 3370 contra
706 3297 804 3370 acies
824 3298 1052 3371 inimicorum
1076 3297 1197 3383 lorica,
1220 3299 1256 3371 in
1279 3300 1444 3373 adversis
1462 3299 1581 3398 galea,

304 3421 340 3494 in
369 3421 557 3518 prosperis
584 3421 775 3517 patientia,
808 3423 844 3495 in
874 3424 1103 3518 protectione
1138 3423 1289 3520 clypeus
1324 3426 1582 3522 sempiternus

304 3547 439 3619 Amen.

410 3673 520 3745 Vivat
538 3671 634 3746 inter
651 3673 819 3770 gentium
844 3689 1009 3748 catervas
1030 3677 1300 3772 magnanimus,
1323 3677 1369 3750 sit
1389 3677 1425 3751 in
1446 3678 1583 3752 iuditiis

302 3798 498 3894 aequitatis
526 3797 735 3896 singularis,
765 3799 900 3872 Amen.
1613 3849 1645 3899 25

410 3922 628 4021 Locupletet
647 3950 731 3997 eum
752 3941 815 3998 tua
834 3925 980 4020 prodita
1001 3927 1077 4024 (sic)
1107 3927 1260 4002 dextera
1288 3930 1470 4029 frugalem
1498 3957 1583 4004 con·

303 4048 417 4122 tineat
445 4050 618 4145 patriam:
648 4065 686 4122 et
713 4049 790 4122 suis
819 4049 943 4123 liberis
971 4051 1108 4125 tribuat
1135 4054 1338 4149 profutura.
1369 4057 1503 4131 Amen.

410 4175 471 4248 Da
488 4175 522 4248 ei
543 4174 789 4271 prolixitatem
808 4175 905 4250 vitae
933 4202 999 4273 per
1026 4193 1204 4274 tempora,
1226 4197 1264 4254 et
1284 4181 1319 4254 in
1348 4183 1480 4256 diebus
1503 4185 1582 4257 eius

303 4299 440 4373 oriatur
467 4300 615 4374 iustitia.
645 4302 781 4376 Amen.

410 4427 459 4500 Et
485 4445 633 4524 praesta
652 4444 693 4501 ut
710 4447 845 4526 gentes
873 4427 921 4501 illi
950 4444 1103 4503 teneant
1131 4431 1252 4518 fidem,
1275 4449 1313 4506 et
1330 4458 1502 4529 proceres
1525 4437 1580 4509 sui
1609 4483 1644 4534 30

303 4549 465 4625 habeant
492 4578 620 4648 pacem
648 4553 879 4652 diligantque
907 4555 1107 4630 caritatem.
1137 4556 1272 4632 Amen.

445 4811 469 4852 1.
491 4813 673 4866 permaneas:
694 4816 750 4853 om.
771 4800 805 4853 C.
826 4829 858 4838 —
881 4803 924 4853 26.
947 4801 1130 4868 Locupletet:
1153 4819 1231 4856 corr.
1251 4819 1291 4856 ea·
1311 4803 1460 4872 Locuplet.

348 5043 377 5100 9.
402 5023 480 5086 Ord.
507 5025 599 5088 Rom.
630 5047 699 5106 151,
726 5029 810 5089 Men.
839 5033 911 5099 262,
938 5027 1031 5090 Mart.
1057 5029 1136 5092 Ord.
1160 5031 1199 5102 V,
1226 5031 1281 5092 VI.

351 5151 398 5192 10.
425 5133 508 5194 Men.
537 5139 609 5212 262,
636 5134 739 5200 Leosr.
765 5135 852 5197 Miss.
881 5155 952 5212 231,
980 5136 1071 5198 Mart.
1098 5139 1176 5201 Ord.
1203 5140 1227 5202 1.
