4084 6128
500 533 610 587 ORDO
631 533 687 586 AD
709 530 931 586 ECCLESIAM
954 527 1224 583 DEDICANDAM
1487 539 1502 589 3

242 817 245 820 ·
336 807 365 855 r.
396 781 530 856 Amen.
552 779 695 853 Deinde
721 780 838 852 claras
865 779 1073 862 laetaniam,
1104 785 1138 850 et
1164 801 1245 850 cnm
1273 775 1410 848 venerit
1437 773 1503 845 Sa-

223 908 345 981 cerdos
369 917 453 981 ante
479 908 600 981 altare
624 914 840 1004 prosternat
874 931 912 977 se
945 930 1026 976 cnm
1062 901 1244 975 minimis
1270 911 1382 998 snper
1408 908 1503 972 stra·

223 1043 354 1117 menta,
385 1057 497 1130 nsque
514 1033 602 1107 dnm
621 1032 708 1106 dz'cit
725 1031 840 1105 scala:
868 1031 1005 1128 Agnus
1035 1029 1107 1102 Dei
1136 1028 1200 1125 qui
1229 1025 1325 1100 tollis
1354 1041 1504 1122 peccata

225 1157 350 1234 mundi
380 1159 554 1233 miserere
582 1157 700 1232 nobie.
717 1153 753 1256 *l

335 1309 368 1358 2.
406 1283 457 1358 (lt
490 1292 612 1358 antam
649 1283 887 1356 narrexarz'nt
912 1281 957 1355 ab
993 1281 1170 1364 aratzbne,
1208 1278 1306 1354 dzkat
1332 1278 1506 1376 pontifex
1552 1303 1566 1354 s

223 1412 361 1486 excelsa
390 1437 488 1484 vace:
516 1409 689 1496 Oremus,
723 1419 758 1482 et
784 1408 955 1482 diaconus
983 1407 1100 1481 dicat:
1130 1405 1340 1480 Flectamus
1367 1428 1503 1501 genua.

226 1537 421 1634 Postquam
449 1536 611 1610 navarit
638 1535 750 1608 dz'cal:
783 1534 932 1608 Levate.
964 1533 1017 1605 Et
1041 1541 1218 1629 sequatur
1244 1531 1361 1604 aran'a
1388 1530 1479 1604 ista:

332 1661 585 1759 Magnificam,
608 1661 771 1736 Domine
791 1659 898 1732 Deus
918 1673 1053 1744 noster,
1072 1657 1108 1731 in
1124 1657 1261 1730 sanctis
1280 1656 1363 1741 tuis,
1381 1670 1419 1728 et
1437 1653 1506 1728 hoc

225 1790 261 1866 in
290 1786 429 1885 templo
453 1787 718 1862 aedificationis
743 1810 899 1884 appare:
932 1784 1064 1881 utqui
1092 1783 1217 1857 omnia
1245 1783 1281 1856 in
1310 1781 1393 1855 liliis
1420 1779 1507 1854 ado-

225 1914 362 2011 ptionis
389 1914 563 2011 operaria,
586 1913 666 2010 ipse
685 1937 833 2009 semper
853 1911 889 1984 in
911 1927 975 1984 tua
993 1908 1221 1984 haereditate
1240 1907 1411 1983 lauderis.
1442 1932 1508 2004 per
1537 1939 1570 1976 ιο

227 2040 444 2114 Dominum.

283 2169 288 2180 '
336 2187 369 2256 3.
400 2163 543 2236 Deinde
578 2163 730 2260 z'na'pzizt
753 2160 788 2260 l)
820 2162 993 2259 pontifex
1028 2162 1071 2234 de
1106 2161 1254 2234 annino
1290 2160 1429 2256 angula
1463 2159 1508 2233 ab

225 2293 360 2366 maante
385 2291 542 2365 scribens
555 2300 628 2389 per
639 2271 891 2388 pamnnntnm
910 2313 989 2360 cnm
1015 2285 1194 2360 cambutta
1212 2311 1281 2359 sna
1303 2286 1507 2360 abctnrz'nm

227 2443 340 2516 usqne
370 2419 409 2492 in
436 2416 611 2490 dextrum
646 2415 827 2512 angnlnm
863 2413 1119 2490 acczilentalem.
1159 2411 1339 2509 Incipiens
1374 2413 1508 2485 iterum

225 2544 397 2618 anana
423 2541 467 2614 de
492 2542 623 2616 dextra
649 2540 788 2637 angulo
814 2538 986 2613 arnnrlalz'
1009 2539 1213 2610 abclnrz'nm
1232 2537 1367 2611 scribat
1398 2564 1510 2635 usqne
1539 2559 1569 2610 ¹⁵

227 2671 267 2742 in
292 2670 485 2742 santirlrnnt
512 2669 693 2764 angulum
721 2665 978 2739 acczilentalant.

335 2820 371 2888 4.
392 2795 535 2870 Deinde
552 2795 694 2868 venans
711 2801 794 2866 anta
815 2792 935 2864 aliare
963 2791 1080 2865 aaut:
1102 2793 1207 2864 Deus
1228 2791 1264 2864 in
1288 2789 1509 2864 adiutorium

229 2947 353 2998 meum
383 2919 547 2998 intende.
588 2919 752 2994 Domine
787 2915 835 2990 ad
869 2916 1120 2991 adiuvandum
1156 2942 1215 2990 me
1245 2916 1394 3004 festina,
1430 2943 1510 2990 cnm

230 3046 368 3132 Gloria,
398 3045 530 3142 absque
558 3043 729 3120 Alleluia.
745 3041 782 3140 ⁴¹)

375 3338 399 3376 1.
421 3323 530 3376 Amen:
551 3323 604 3374 hac
621 3321 707 3375 verbo
726 3319 835 3387 incipit,
849 3322 881 3372 ut
897 3319 956 3372 iam
975 3319 1081 3379 noan,
1093 3319 1184 3374 codex
1197 3325 1293 3374 :caster
1304 3321 1462 3388 acephalus.
1478 3347 1511 3361 -

302 3419 329 3469 9.
350 3401 570 3456 aedificationis:
591 3401 644 3456 tibi
663 3399 824 3455 aedificato.
845 3400 879 3454 C.
895 3431 927 3438 -
943 3399 1055 3454 omnia:
1077 3409 1188 3454 cuncta.
1209 3401 1242 3454 C.

281 3669 306 3710 1.
332 3647 410 3710 Ord.
440 3649 533 3710 Rom.
568 3668 638 3725 144,
665 3647 748 3708 Mur.
774 3665 849 3724 472,
876 3646 960 3706 Men.
984 3664 1054 3724 145,
1074 3643 1170 3708 Gerb.
1196 3665 1248 3726 47.
1292 3643 1514 3724 *)«Intrante

235 3771 253 3802 ι
269 3745 418 3826 pontifice
440 3745 614 3818 ecclesiam,
631 3744 742 3816 clerus,
760 3743 915 3816 sacerdos,
932 3755 964 3806 et
987 3743 1100 3808 levitae
1115 3744 1263 3824 prostrati
1280 3745 1311 3808 in
1332 3759 1447 3810 terram
1471 3748 1512 3810 ad

237 3869 254 3900 «
272 3845 376 3906 Deum
399 3843 538 3906 clamant
560 3863 619 3925 pro
641 3842 889 3906 sanctificatione
912 3841 1012 3923 ipsius
1038 3843 1153 3905 domus
1168 3869 1185 3902 »
1209 3842 1252 3906 ita
1277 3843 1312 3916 E,
1337 3844 1392 3926 qui
1416 3846 1513 3926 paulo

233 3954 305 4023 post
327 3942 405 4004 haec
420 3941 527 4006 addit:
556 3942 730 4022 ‹Surgens
752 3939 949 4003 exoratione
971 3940 1140 4021 (pontifex)
1164 3941 1305 4004 nondum
1322 3942 1438 4010 salutat
1461 3965 1514 4026 po

237 4065 255 4096 ι
271 4040 381 4121 pulum
398 4041 534 4103 dicendo
549 4042 710 4102 Dominus
732 4041 895 4114 nobiscum,
913 4040 968 4102 sed
985 4051 1089 4103 tamen
1114 4041 1155 4102 ad
1185 4041 1359 4104 orationem
1384 4055 1515 4106 cunctos

238 4165 255 4194 ι
272 4139 426 4202 hortatur.
443 4165 460 4198 »

281 4257 309 4300 2.
323 4238 402 4300 Ord.
417 4239 510 4301 Rom.
529 4259 600 4316 144,
610 4239 693 4300 Mur.
707 4256 782 4315 47²·
800 4239 884 4300 Men.
904 4257 974 4316 145,
988 4237 1083 4302 Gerb.
1098 4257 1150 4316 47,
1166 4239 1258 4302 Mart.
1273 4239 1350 4302 Ord.
1367 4239 1512 4314 1,11,111.

281 4357 311 4414 3.
330 4336 408 4398 Ord.
424 4337 517 4398 Rom.
536 4357 607 4415 ι44,
623 4336 706 4398 Mur.
721 4355 796 4414 472,
812 4336 896 4398 Men.
916 4355 985 4414 145,
1004 4335 1100 4399 Gerb.
1114 4356 1167 4416 47,
1186 4337 1279 4400 Mart.
1298 4337 1376 4401 Ord.
1396 4337 1436 4410 11,
1456 4339 1512 4402 lll.

236 4431 269 4510 ¹¹³)
283 4434 361 4498 Fere
377 4435 418 4496 ad
431 4436 564 4497 verbum
577 4436 655 4498 haec
667 4433 793 4497 rubrica
807 4435 955 4496 convenit
972 4435 1013 4497 E:
1034 4435 1114 4498 «his
1131 4435 1297 4515 completis
1314 4435 1424 4518 incipit
1440 4457 1515 4518 pon·

239 4531 349 4596 «tifex
374 4533 416 4595 de
447 4533 576 4596 sinistro
606 4533 726 4614 angulo
749 4534 790 4594 ab
821 4533 943 4596 oriente
973 4533 1110 4597 scribere
1145 4553 1202 4616 per
1227 4533 1444 4615 pavimentum
1472 4535 1515 4598 al·

239 4655 257 4686 «
273 4629 446 4712 pbabetum
474 4631 631 4712 usquein
658 4631 805 4694 dextrum
829 4632 982 4712 angulum
1007 4631 1197 4706 occidentis;
1232 4643 1368 4712 atquca
1402 4633 1515 4700 dextro

240 4753 258 4784 ‹
273 4728 393 4811 angulo
416 4730 548 4794 orientis
563 4749 664 4811 usque
680 4729 712 4792 in
729 4730 891 4792 sinistmm
908 4730 1061 4812 angulum
1078 4729 1304 4793 occidentalem
1323 4731 1510 4796 basilicae.»

281 4848 312 4905 4.
326 4828 405 4890 Ord.
420 4830 513 4891 Rom.
532 4849 603 4906 144,
619 4829 701 4892 Mur.
716 4847 792 4907 473,
804 4830 895 4914 'Men
915 4835 985 4908 ¹4⁶·
1005 4827 1101 4892 Gerb.
1115 4847 1167 4908 47,
1193 4829 1286 4892 Mart.
1301 4829 1380 4894 Ord.
1397 4831 1436 4904 11,
1456 4831 1512 4896 lll.

237 4921 308 5003 *)«
330 4927 455 4989 Dehinc
488 4927 631 5008 pontifex
661 4928 702 4989 ad
733 4926 846 4991 altiora
876 4927 1074 4990 conscendit:
1103 4939 1251 4990 constans
1280 4940 1354 4992 ante
1384 4929 1512 4998 altare...

241 5047 258 5080 ι
275 5023 368 5104 dicit:
391 5026 483 5088 Dens
513 5029 548 5088 in
574 5026 768 5102 adiutorium
803 5045 906 5089 meum
941 5026 1064 5090 intende
1097 5035 1128 5088 et
1161 5035 1264 5090 cetera
1286 5029 1407 5110 absque
1430 5029 1515 5092 All·

240 5145 258 5178 «
273 5124 375 5202 laja...
400 5125 574 5204 posthaec
597 5144 672 5186 vero
696 5123 894 5188 benedicitur
923 5143 1007 5206 aqua
1029 5123 1196 5188 commista
1220 5123 1284 5188 sale
1307 5139 1338 5190 et
1373 5127 1510 5190 cinere»
