4078 6126
509 547 627 601 ORAT.
648 548 704 601 AD
726 547 954 602 INTROITUM
977 546 1237 608 MONASTERII,
1259 544 1343 598 ETC.
1534 557 1566 608 75

415 794 619 869 ORATIO
648 795 724 867 AD
755 793 1062 867 lNTROlTUM
1094 792 1439 866 MONASTERII.

400 945 430 993 1.
453 921 616 995 Domine
640 921 753 1016 Jhesu
776 920 933 1004 Christe,
956 920 1018 1016 qui
1039 920 1228 992 introitum
1252 936 1439 1016 portarum
1463 920 1568 1015 Hye-

290 1046 446 1121 rusalem
490 1047 636 1122 salvans
678 1045 928 1133 sanctificasti;
965 1046 1055 1119 dum
1096 1043 1294 1141 splendore
1335 1071 1566 1144 gemmarum

290 1173 495 1259 duodecim,
518 1174 671 1248 totidem
691 1171 943 1271 apostolorum
969 1173 1119 1246 nomina
1147 1173 1392 1270 praesignasti
1406 1202 1413 1260 ;
1438 1188 1475 1245 et
1503 1173 1566 1269 qui

291 1325 357 1396 per
387 1325 569 1398 organum
598 1298 877 1398 prophaeticum
909 1299 1123 1395 promisisti:
1157 1298 1286 1370 Lauda
1321 1298 1565 1393 Hyerusalem
1614 1326 1628 1375 5
1665 1305 1669 1312 ’

293 1425 506 1511 Dominum,
527 1427 614 1522 quia
633 1425 851 1500 confortavit
869 1450 974 1519 ,seras
993 1439 1181 1521 portarum
1203 1441 1357 1508 tuarum,
1379 1423 1568 1496 benedixit

291 1550 383 1626 filios
412 1568 496 1626 tuos
527 1553 562 1626 in
592 1569 646 1640 te;
667 1553 734 1639 Te,
765 1577 1003 1648 quaesumus,
1027 1551 1199 1636 Domine,
1222 1566 1263 1623 ut
1290 1575 1408 1647 ponas
1437 1575 1567 1623 omnes

292 1677 383 1751 fines
402 1679 536 1752 domus
556 1679 671 1776 ipsius
691 1661 805 1751 sancti
827 1677 921 1750 illius
942 1702 1080 1774 pacem,
1103 1693 1143 1749 ut
1156 1675 1330 1750 velociter
1348 1701 1497 1750 currens
1518 1676 1568 1748 in-

291 1804 403 1877 terius
426 1829 549 1879 sermo
580 1819 675 1888 tuuS,
707 1803 816 1900 adipe
846 1803 1016 1875 frumenti
1047 1803 1160 1875 saciet
1188 1828 1264 1875 eos.
1295 1801 1454 1898 Spiritus
1487 1827 1567 1874 san-

291 1943 371 2001 ctus
398 1928 575 2002 defendat
602 1927 694 2015 illos,
725 1945 766 2002 ut
795 1951 997 2024 numquam
1025 1929 1079 2000 eis
1108 1953 1241 2001 nocere
1267 1927 1476 2024 praevaleat
1505 1927 1568 2000 ini·
1600 1953 1631 1988 10

291 2055 422 2141 micus;
447 2056 513 2129 sed
542 2081 672 2129 omnes
701 2056 909 2129 habitantes
939 2055 1090 2127 interius
1118 2081 1218 2140 voce,
1249 2055 1360 2128 corde
1388 2070 1426 2127 et
1455 2080 1567 2150 opere

291 2180 489 2254 decantent
516 2180 698 2254 dicentes:
730 2181 895 2277 Magnus
926 2180 1111 2253 Dominus
1147 2195 1272 2253 noster
1298 2179 1432 2275 jhesus
1462 2178 1570 2252 Chri-

292 2321 381 2391 stus,
412 2321 450 2379 et
477 2331 614 2403 magna
642 2306 756 2378 virtus
784 2305 875 2389 eiuS,
907 2321 945 2378 et
974 2305 1177 2402 sapientiae
1206 2305 1286 2377 eius
1317 2331 1390 2378 non
1419 2320 1477 2378 est
1507 2331 1570 2377 nu-

294 2457 426 2518 merus
457 2431 520 2529 qui
548 2457 632 2504 cum
662 2431 780 2504 Patre.
895 2453 896 2456 ’

404 2566 619 2651 ORATIO,
653 2566 1034 2640 lNTROEUNTES
1067 2567 1120 2643 IN
1153 2568 1452 2642 Basilicam.
1601 2595 1631 2644 τε

379 2773 382 2780 ,
402 2719 434 2766 2.
453 2693 561 2802 Viam
581 2709 790 2766 sanctorum
810 2694 989 2778 omniurn,
1005 2693 1117 2789 Jhesu
1136 2694 1372 2792 Christc‚.qui
1393 2697 1440 2768 ad
1460 2713 1496 2770 te
1511 2724 1569 2770 ve-

296 2820 480 2894 nientibus
507 2818 680 2893 claritatis
708 2819 846 2917 gaudia
864 2819 1059 2906 contulisti,
1093 2820 1280 2895 introitum
1310 2821 1436 2919 templi
1467 2824 1570 2897 istius

295 2945 452 3042 Spiritus
481 2946 596 3018 sancti
625 2945 705 3018 luce
735 2946 931 3042 perfunde,
962 2947 1024 3042 qui
1061 2945 1181 3020 locum
1215 2949 1324 3021 istum
1361 2966 1570 3023 sanctorum

295 3089 490 3166 martyrum
527 3057 673 3144 tuorum
710 3072 892 3168 sanguine
925 3073 1166 3146 consecrasti:
1203 3093 1367 3171 praesta,
1405 3077 1571 3174 omnipo-

295 3211 385 3279 tens,
417 3212 457 3269 ut
483 3221 614 3269 omnes
643 3197 699 3269 isti
733 3198 770 3303 in
805 3213 842 3270 te
869 3198 1078 3285 credentes,
1111 3199 1302 3275 obtineant
1330 3203 1474 3275 veniam
1502 3229 1570 3300 pro
1601 3233 1634 3268 20

294 3320 433 3394 delictis
475 3315 566 3406 suis,
605 3323 653 3394 ab
691 3322 863 3395 omnibus
900 3321 1100 3398 liberentur
1136 3327 1334 3422 angustiis,
1374 3328 1571 3425 impetrent

294 3446 466 3543 quicquid
499 3447 670 3543 petierint
705 3473 772 3544 pro
806 3449 1086 3523 necessitatibus
1114 3429 1220 3537 suiss
1239 3450 1382 3549 placere
1424 3479 1571 3552 semper

293 3570 527 3665 praevaleant
553 3596 676 3646 coram
705 3573 820 3647 oculis
848 3576 920 3648 tuis
930 3604 937 3662 ;
968 3593 1152 3672 quatenus
1180 3595 1308 3675 perte
1336 3594 1374 3651 et
1402 3595 1569 3653 sanctum

294 3693 392 3767 illum
411 3711 515 3769 tuum
535 3696 685 3770 militem
707 3700 835 3772 muniti
856 3725 1063 3774 mereamur
1083 3702 1204 3776 aulam
1227 3702 1386 3799 paradisi
1408 3705 1566 3792 introire,

271 3819 461 3894 'Salvator
489 3821 626 3908 mundi,
658 3825 720 3920 qui
749 3825 850 3898 vivis.
1601 3869 1632 3918 25

631 3958 834 4031 ORATIO
866 3960 920 4032 ΙΝ
952 3961 1234 4036 SACRARIO.

400 4103 433 4174 3.
471 4082 722 4180 Omnipotens
754 4102 791 4158 et
828 4085 1032 4160 misericors
1067 4088 1188 4174 Deus,
1220 4089 1282 4186 qui
1319 4093 1570 4166 sacerdotibus

294 4206 364 4279 tuis
390 4233 480 4304 prae
508 4210 638 4284 ceteris
667 4226 807 4284 tantam
839 4213 996 4310 gratiam
1026 4213 1230 4300 contulisti,
1262 4232 1302 4289 ut
1329 4218 1504 4316 quicquid
1534 4219 1570 4291 in

294 4347 357 4405 tuo
385 4334 534 4407 nomine
569 4335 683 4434 digne
715 4337 952 4435 perfecteque
986 4341 1124 4436 agitur,
1156 4367 1178 4414 a
1206 4358 1243 4414 te
1278 4341 1354 4414 fieri
1391 4343 1566 4428 creditur,

295 4482 529 4552 quaesumus,
546 4486 637 4558 ergo
658 4461 875 4537 immensam
891 4463 1123 4539 clementiam
1143 4482 1260 4540 tuam:
1282 4483 1322 4540 ut
1341 4469 1442 4566 quod
1459 4469 1570 4542 modo
1618 4519 1652 4567 30

294 4581 468 4658 visitaturi
485 4609 624 4674 sumus,
646 4587 791 4676 visites;
821 4589 997 4688 quicquid
1017 4590 1244 4666 benedicturi
1275 4619 1402 4667 sumus
1422 4595 1570 4669 benedi-

433 4837 460 4890 3.
481 4825 634 4892 splendore
652 4843 848 4892 gemmarum:
869 4845 947 4884 corr.
962 4845 1002 4884 ea·
1020 4830 1206 4897 splendorum
1220 4831 1411 4898 geminarum.
1433 4865 1465 4873 -
1485 4837 1511 4889 6.
1527 4853 1570 4888 sc-

363 4917 422 4956 ras:
452 4904 547 4959 abros.
568 4921 581 4959 r
600 4907 675 4960 infer
693 4925 710 4960 e
728 4912 757 4961 et
774 4925 797 4961 r.
820 4941 849 4948 —-
877 4926 918 4964 11.
948 4927 1064 4964 omncs:
1093 4929 1170 4966 corr.
1200 4929 1240 4966 ea·
1265 4913 1373 4968 omnia.
1400 4931 1496 4980 -13.
1526 4933 1570 4968 sa-

364 4983 501 5049 pientiae:
522 5003 600 5041 corr.
621 5005 660 5041 ex
679 4987 829 5056 sapientia.
851 5021 883 5028 ψ
906 5007 948 5058 19.
964 4997 1032 5059 pos!
1049 5001 1179 5046 tuorum:
1199 4993 1294 5048 αὐτας.
1315 5012 1341 5048 n.

340 5203 365 5244 1.
392 5185 476 5248 Pam.
502 5205 577 5266 472.

309 5301 364 5358 .3.
391 5283 473 5344 Mur.
502 5304 573 5362 230,
600 5305 673 5365 471.
