4084 6128
518 521 629 575 ORDO
649 518 705 574 AD
726 515 948 574 ECCLESIAM
970 511 1241 572 DEDICANDAM
1486 521 1515 562 11

243 621 1519 652 -..--—---——-——--—--—---

242 772 359 856 Deus,
390 768 491 868 quod
520 782 695 866 operatus
713 791 755 840 es
776 765 811 838 in
837 765 953 851 nobis,
975 790 998 839 a
1017 762 1157 860 templo
1177 776 1305 836 sancto
1333 776 1398 834 tuo
1417 755 1519 856 quod

241 898 362 972 estin
394 893 650 993 llyerusalem.
679 891 916 988 adzbngentes
943 890 1071 965 Gloria
1100 889 1208 965 Patri.

352 1045 411 1116 27.
442 1023 533 1096 Inde
571 1019 749 1094 benedicat
778 1017 922 1092 tabulas
936 1014 984 1116 l),
1015 1017 1072 1090 lrr's
1098 1015 1224 1098 verbis
1254 1023 1366 1110 super
1400 1011 1521 1083 altare

242 1151 379 1223 dr'cens:
501 1195 503 1198 -

349 1275 547 1374 Singulare
568 1275 655 1350 illud
675 1273 1020 1375 repropitiatorium,
1037 1269 1138 1367 quod
1159 1295 1198 1342 se
1220 1268 1256 1341 in
1275 1265 1389 1341 altare
1404 1264 1520 1339 crucis
1568 1297 1582 1348 5

244 1402 350 1476 nobis
383 1402 607 1475 redimendis
649 1402 783 1477 obtulit
824 1397 1106 1481 immolandum,
1153 1395 1257 1468 cuius
1299 1391 1521 1491 praefigura-

243 1529 343 1602 tione
372 1528 576 1624 patriarcha
600 1528 713 1625 Jacob
742 1525 901 1624 lapidem
935 1525 1040 1600 unxit
1071 1539 1109 1596 et
1144 1521 1260 1596 erexit
1292 1519 1328 1593 in
1362 1516 1518 1604 titulum,

243 1679 319 1750 quo
356 1652 460 1726 fieret
500 1653 732 1738 sacrificium,
764 1669 802 1727 et
838 1666 967 1749 portae
1002 1648 1092 1724 caeli
1102 1643 1284 1754 :desuper
1319 1645 1522 1742 aperiretur

243 1777 445 1852 oraculum:
468 1777 681 1876 suppliciter
699 1778 774 1864 tibi,
802 1777 975 1862 Domine,
999 1799 1128 1872 preces
1151 1773 1357 1858 fundimus;
1388 1785 1430 1843 ut
1447 1795 1523 1843 me-

243 1903 316 1978 talli
342 1903 452 2000 hujus
480 1905 703 2002 expoliatam
733 1905 923 1978 materiem
950 1901 1121 2000 supernis
1141 1899 1325 1974 sacrificiis
1354 1898 1523 1972 imbuen-
1554 1935 1585 1970 ιο

243 2028 346 2116 dam,
378 2031 457 2128 ipse
486 2021 576 2106 suae
612 2030 740 2105 dotare
771 2029 1068 2105 sanctificationis
1107 2017 1273 2101 ubertate
1304 2023 1518 2122 praecipiat,

244 2157 305 2254 qui
336 2157 525 2253 quondam
554 2156 710 2254 lapideis
738 2155 860 2256 legem
889 2156 1034 2253 scripsit
1062 2155 1096 2227 in
1126 2153 1271 2229 tabulis.

353 2287 412 2356 28.
443 2283 546 2357 Alia.
587 2283 693 2358 Deus
721 2283 957 2380 omnipotens
985 2282 1237 2355 universarum
1266 2303 1386 2353 rerum
1416 2278 1522 2351 ratio-

245 2407 375 2482 nabilis
403 2408 542 2494 artiserr,
569 2410 631 2506 qui
654 2426 840 2484 creaturas
870 2407 986 2482 lorma
1013 2406 1147 2504 lapidei
1177 2403 1312 2480 metalli
1340 2404 1387 2478 ad
1417 2404 1522 2478 obse-

244 2535 371 2630 quium
391 2535 443 2607 tui
473 2534 636 2608 sacrificii
656 2534 861 2621 condidisti,
893 2550 934 2608 ut
952 2533 1046 2631 legis
1066 2532 1210 2641 libaturi
1232 2533 1311 2630 (sic)
1332 2545 1523 2628 pararetur
1553 2581 1584 2630 ,5

244 2657 358 2746 altari,
380 2683 505 2735 annue
524 2659 722 2760 dignanter
740 2660 849 2735 buius
869 2659 1057 2734 institutor
1076 2659 1253 2756 mysterii:
1275 2673 1316 2731 ut
1337 2671 1523 2754 quotquot

244 2783 302 2858 bic
331 2786 494 2862 oblatum
523 2812 667 2861 sacrum
695 2788 820 2874 suerit,
852 2787 990 2862 nomini
1020 2801 1085 2860 tuo
1121 2785 1315 2883 adsurgat,
1354 2781 1522 2881 religioni

245 2909 419 3007 proficiat,
451 2913 529 3010 spei
559 2915 744 3000 innitatur,
775 2913 860 2988 fidei
890 2913 937 2987 sit
964 2912 1116 2994 honore,
1148 2938 1223 3009 per.

356 3061 413 3129 29.
444 3039 548 3113 Alco.
581 3039 743 3114 Domine
776 3056 912 3125 sancte,
945 3039 1054 3113 Pater
1085 3039 1341 3136 omnipotens,
1373 3053 1523 3112 aeterne

387 3270 413 3322 6.
434 3267 533 3324 nobis:
555 3283 601 3323 mo
619 3284 676 3324 rec.
691 3273 756 3325 onte
768 3268 851 3325 nobis
870 3270 934 3324 odd.
949 3271 979 3324 in
999 3286 1112 3339 morg.:
1130 3286 1192 3339 pro.
1208 3299 1242 3314 -
1262 3285 1304 3325 11.
1325 3269 1439 3326 dotare:
1459 3277 1520 3341 sup.

317 3345 356 3404 do
368 3366 424 3403 nra.
433 3349 593 3418 posteriori
604 3350 787 3420 inscn'ptum:
798 3349 838 3406 di.
853 3379 887 3394 -
903 3367 945 3418 14.
961 3349 1064 3406 forma:
1080 3368 1137 3406 mo.
1151 3368 1209 3406 rec.
1224 3351 1362 3406 substitui.
1383 3369 1400 3407 a
1418 3359 1479 3422 sup.
1494 3370 1520 3408 e.

318 3456 352 3471 -
364 3429 455 3484 forma
467 3429 572 3498 lapidei
592 3431 713 3486 metalli:
734 3431 860 3488 formans
879 3430 1025 3499 lapideum
1044 3431 1202 3488 metallum.
1222 3435 1256 3488 C.
1271 3463 1305 3473 -
1327 3448 1369 3498 rs.
1390 3432 1520 3488 libaturi:

318 3509 456 3565 libationi.
475 3513 509 3566 C.
530 3541 564 3552 -
583 3521 744 3579 pararetur:
766 3521 890 3580 paretur.
916 3513 950 3568 C.
971 3541 1005 3558 ·-
1027 3517 1069 3568 16.
1090 3513 1186 3567 altari:
1208 3513 1306 3568 altare.
1327 3515 1360 3568 C.
1382 3545 1416 3554 -
1435 3515 1521 3583 huius

318 3589 461 3646 institutor
479 3592 621 3660 mysterii:
642 3593 721 3648 omit.
746 3593 779 3648 C.
800 3624 835 3634 -
853 3602 1011 3662 quotquot:
1041 3593 1193 3662 quidquid.
1214 3595 1247 3650 C.
1269 3622 1303 3637 -
1325 3609 1366 3660 17.
1392 3611 1519 3650 sacrum:

317 3681 525 3740 sacratumque.
546 3674 579 3728 C.
600 3701 634 3716 -
652 3673 796 3729 oblatum:
817 3679 903 3742 super
925 3682 1001 3729 tum:
1023 3675 1087 3729 add.
1113 3689 1170 3730 ma.
1191 3691 1248 3730 rec.
1267 3685 1297 3730 ta
1307 3681 1364 3744 pro
1377 3677 1479 3744 plum:
1496 3681 1526 3732 et

316 3750 358 3806 sic
372 3752 499 3821 deinceps
517 3754 556 3808 ad
571 3771 665 3810 voces·
683 3756 847 3824 sacr(o)um,
862 3755 989 3825 sueri(n)t
1007 3753 1196 3825 adsurga(n)t,
1224 3755 1405 3827 proficia(n)t,
1430 3757 1523 3812 immi-

316 3835 444 3903 ta(n)tur,
464 3834 554 3904 si(n)t.
575 3863 609 3878 -
631 3839 673 3891 18.
694 3835 730 3890 sit
749 3836 874 3892 honore:
895 3836 932 3890 sit
951 3835 1063 3891 honori.
1084 3837 1118 3892 C.

293 4053 343 4113 27.
379 4033 458 4098 Ord.
488 4037 581 4100 Rom.
611 4036 651 4100 ib.
691 4038 783 4098 Mart.
820 4036 898 4099 Ord.
937 4037 960 4110 1,
997 4037 1037 4110 ll,
1075 4037 1137 4112 ΙΙΙ,
1170 4051 1201 4102 et
1239 4039 1302 4112 IX,
1336 4041 1432 4104 Gerb.
1471 4061 1521 4120 50.

245 4128 368 4213 *)Ipsa
390 4145 454 4196 ant.
478 4135 643 4215 Confiema
665 4137 720 4197 lroc
734 4137 832 4206 Deus,
854 4145 911 4197 etc.
930 4155 1011 4215 quae
1035 4138 1203 4216 praecedit,
1226 4139 1364 4202 ostendit
1388 4140 1521 4220 primam

246 4241 366 4312 partem
397 4232 615 4296 Dedicationis
641 4233 836 4306 absolutam:
861 4232 920 4295 nisi
946 4233 1025 4298 sorte
1051 4236 1227 4318 antiquitus
1251 4238 1309 4300 hac
1333 4239 1401 4319 ipsa
1435 4238 1524 4302 anti-

246 4329 353 4410 phona
376 4341 479 4394 totum
502 4331 647 4394 ordinem
671 4330 851 4394 absolutum
877 4331 987 4395 fuisse:
1012 4354 1084 4396 nam
1109 4335 1141 4396 in
1165 4335 1326 4418 aliquibus
1349 4337 1521 4410 codicibus,
1596 4323 1600 4333 ’

247 4427 294 4490 uti
318 4427 349 4490 in
373 4429 520 4492 Turicen.
552 4451 632 4494 saec.
669 4430 725 4504 IX,
755 4431 848 4495 Gerb.
873 4429 917 4503 II,
944 4435 994 4509 48,
1030 4453 1112 4514 quae
1143 4446 1320 4516 sequuntur
1354 4435 1436 4499 circa
1470 4447 1525 4498 ta-

247 4525 353 4599 bulas,
390 4547 454 4589 non
482 4529 682 4610 reperiuntur
709 4529 739 4590 in
771 4529 883 4591 ordine
913 4529 1136 4604 dedicationis,
1173 4533 1229 4598 sed
1256 4533 1397 4606 seorsim,
1425 4534 1523 4597 veluti

247 4625 391 4704 specialis
407 4627 572 4690 benedictio
595 4629 783 4700 tabularum,
801 4627 930 4690 forsitan
954 4629 1101 4692 altarium
1118 4631 1339 4706 viatoriorum;
1356 4633 1431 4696 hinc
1453 4655 1525 4698 con·

247 4721 440 4787 cludendum
453 4727 539 4805 quod
558 4725 736 4807 Episcopus
753 4725 964 4789 benedixisset
980 4729 1112 4802 tabulas,
1130 4729 1156 4792 si
1173 4731 1357 4802 adfuissent,
1372 4732 1522 4814 alioquin,

248 4819 298 4884 his
319 4823 453 4896 omissis,
478 4825 586 4887 omnia
608 4825 640 4886 in
665 4845 757 4888 usum
781 4823 944 4899 ecclesiae,
962 4838 997 4888 ut
1021 4827 1110 4902 inira,
1135 4833 1179 4908 (n.
1199 4833 1254 4908 3¹)
1279 4831 1333 4892 ubi
1357 4851 1467 4894 rursus
1483 4833 1523 4894 ad

248 4939 312 4982 rem
336 4922 490 4984 nonnulla
513 4923 669 4986 indicabo.

295 5026 344 5082 28.
370 5021 448 5083 Ord.
475 5023 567 5084 Rom.
597 5029 666 5100 146,
693 5025 787 5085 Gerb.
814 5043 865 5103 50,
892 5026 983 5087 Mart.
1010 5025 1088 5088 Ord.
1116 5026 1139 5094 1.
1166 5026 1206 5097 ΙΙ,
1233 5027 1289 5091 ΙΙΙ.

296 5137 344 5196 29.
370 5119 447 5181 Ord.
475 5121 566 5182 Rom.
592 5121 645 5192 ib..
670 5121 766 5202 Greg.
793 5129 866 5201 485,
892 5123 986 5184 Gerb.
1014 5143 1064 5202 51,
1092 5125 1183 5188 Mart.
1210 5127 1288 5190 Ord.
1316 5129 1338 5190 l.
