4078 6126
464 530 708 584 BENEDlCTlO
728 530 913 586 VIRGlNlS
932 531 983 586 AB
1004 532 1202 595 EPlSCOPO,
1225 535 1309 588 ETC.
1492 537 1528 600 89

477 1219 940 1326 BENEDICTIO
976 1219 1309 1328 VIRGINIS

554 1401 623 1475 nn
661 1400 917 1475 EPISCOPO
955 1401 1213 1478 orceuon.

359 1683 388 1730 1.
412 1656 580 1752 Respice,
602 1655 775 1741 Domine,
793 1659 974 1755 propitius
993 1682 1106 1752 super
1124 1657 1218 1729 hanc
1238 1655 1412 1731 famulam
1427 1674 1528 1732 tuam

245 1783 358 1858 illam:
390 1799 431 1856 ut
448 1797 598 1855 sanctae
617 1779 836 1877 virginitatis
856 1781 1098 1880 propositum,
1129 1781 1231 1880 quod
1260 1798 1297 1856 te
1325 1781 1528 1879 inspirante

246 1911 418 2008 suscepit,
450 1925 487 1984 te
514 1907 748 2007 gubernante
776 1909 970 1995 custodiat,
1002 1933 1079 2004 per.
1574 1939 1590 1988 5

770 2035 1006 2108 Consecratz'o.

356 2189 389 2237 2.
421 2164 528 2236 Deus
560 2179 743 2236 castorum
772 2185 969 2258 corporum
1001 2161 1189 2259 benignus
1219 2160 1459 2246 inhabitator,
1491 2177 1529 2234 et

246 2292 537 2387 incorruptarum
556 2304 699 2362 amator
717 2287 932 2372 animarum,
951 2287 1091 2384 respice
1111 2312 1223 2384 super
1241 2286 1335 2360 hanc
1356 2287 1529 2361 famulam

246 2432 346 2490 tuam
368 2414 477 2500 illam,
499 2439 596 2513 quae
625 2413 689 2487 tibi
718 2412 955 2487 devotionem
974 2438 1079 2486 suam
1099 2409 1216 2498 oflert,
1238 2437 1356 2510 aquo
1383 2429 1423 2487 et
1449 2412 1530 2510 ipsa

247 2541 345 2616 idem
380 2555 507 2615 votum
542 2537 761 2635 adsumpsit.
798 2537 856 2611 Sit
891 2537 926 2611 in
964 2563 1025 2622 ea,
1066 2537 1246 2624 Domine,
1278 2538 1418 2612 donum
1448 2537 1529 2636 Spi·
1559 2575 1593 2614 ιο

246 2667 338 2740 ritus
366 2667 436 2752 tui,
468 2665 631 2763 prudens
661 2664 853 2750 modestia,
875 2663 1025 2760 sapiens
1044 2663 1267 2761 benignitas,
1288 2665 1413 2763 gravis
1440 2663 1529 2739 leni-

246 2812 315 2879 tas,
336 2808 437 2866 casta
455 2791 622 2866 libertas:
648 2790 787 2864 ferveat
805 2791 842 2862 in
862 2790 1023 2875 caritate,
1045 2805 1083 2864 et
1102 2788 1189 2862 nihil
1209 2805 1313 2864 extra
1330 2806 1367 2865 te
1385 2789 1526 2889 diligat,

246 2917 551 3015 laudabiliterque
569 2917 678 3002 vivat,
700 2931 738 2989 et
765 2913 904 2989 laudari
935 2939 1010 2989 non
1037 2929 1208 3012 appetat:
1239 2931 1276 2990 te
1304 2915 1441 3002 timeat,
1464 2915 1528 2991 tibi

246 3069 372 3119 amore
395 3044 545 3118 serviat:
577 3059 615 3116 tu
639 3042 673 3116 ei
701 3041 831 3127 honor,
852 3056 889 3116 tu
915 3041 1105 3139 gaudium,
1131 3056 1170 3113 tu
1190 3041 1226 3114 in
1247 3065 1416 3116 moerore
1436 3040 1529 3115 sola-

246 3171 349 3256 tium,
370 3185 409 3245 tu
439 3170 474 3242 in
504 3167 748 3265 ambiguitate
776 3166 982 3253 consilium,
1002 3183 1042 3240 tu
1062 3167 1099 3240 in
1128 3166 1259 3242 iniuria
1279 3166 1460 3254 defensio,
1490 3169 1526 3242 in
1559 3207 1590 3258 15

247 3295 481 3370 tribulatione
501 3293 693 3392 pacientia,
715 3293 811 3367 tuin
833 3307 1053 3390 paupertate
1072 3291 1310 3378 abundantia,
1332 3294 1368 3365 in
1392 3294 1528 3368 ieiunio

245 3423 361 3506 cibuS,
384 3422 418 3494 in
440 3419 650 3494 infirmitate
669 3419 720 3492 sis
740 3416 932 3492 medicina.
956 3418 1025 3490 Per
1043 3433 1090 3502 te,
1112 3441 1224 3515 quem
1243 3415 1398 3516 diligere
1416 3444 1529 3517 super

246 3547 371 3621 omnia
402 3547 558 3644 appetit,
589 3544 691 3642 quod
727 3561 785 3619 est
813 3543 981 3642 professa
1009 3544 1210 3619 custodiat:
1248 3562 1289 3618 ut
1316 3561 1354 3619 et
1380 3545 1526 3620 hostem

246 3673 439 3770 antiquum
467 3671 647 3756 devincat,
669 3687 707 3744 et
725 3670 895 3743 vitiorum
916 3668 1107 3766 squalores
1128 3687 1321 3769 expurget,
1341 3689 1527 3768 quatenus

245 3799 448 3873 centesimu
478 3798 594 3872 lructu
616 3797 716 3870 dono
736 3795 955 3894 virginitatis
974 3795 1150 3881 decorari,
1171 3796 1421 3896 virtutumque
1439 3797 1527 3872 lam·
1557 3841 1591 3878 ιο

247 3923 405 4022 padibus
432 3924 616 4010 exornari,
647 3939 685 3997 et
712 3921 910 3996 electarum
940 3937 1085 3995 tuarum
1113 3921 1298 4020 virginum
1326 3927 1524 4012 consorti0,

246 4067 284 4124 te
313 4049 486 4134 donante,
518 4064 702 4123 mereatur
729 4047 833 4132 uniri,
866 4071 940 4142 per.

389 4303 416 4354 6.
440 4298 637 4354 Consecralio:
657 4313 729 4352 corr.
751 4315 785 4352 ex
809 4299 987 4354 Consecrnlu.
1004 4327 1036 4337 -
1058 4315 1099 4352 ro.
1120 4298 1212 4353 idem:
1234 4315 1311 4353 corr.
1332 4313 1371 4352 ex
1390 4297 1524 4352 eundem.

297 4537 323 4578 1.
340 4516 418 4578 Ord.
438 4517 530 4578 Rom.
553 4535 623 4594 159,
644 4517 740 4577 Leon.
766 4537 840 4594 444,
858 4515 927 4578 Gel.
947 4523 1010 4594 629
1028 4519 1130 4595 (156),
1149 4517 1232 4582 Men.
1256 4521 1326 4594 167,
1346 4516 1428 4578 Mur.
1454 4523 1524 4594 184,

247 4635 324 4694 452,
349 4614 445 4676 Gerb.
476 4634 546 4686 101,
574 4615 666 4675 Mart.
692 4613 770 4675 Ord.
796 4615 835 4675 V.

296 4733 323 4776 2.
350 4715 434 4774 Men.
464 4718 534 4791 167,
562 4713 643 4773 Mur.
675 4719 745 4790 184,
772 4713 864 4775 Mart.
890 4713 968 4775 Ord.
996 4714 1018 4785 l,
1045 4712 1085 4784 ll,
1113 4712 1169 4772 lll.
