4078 6126
499 527 633 580 SERth
655 527 695 580 ΙΝ
718 529 996 582 DElllCATIONE
1017 530 1234 584 ECCLESIAE
1471 537 1501 584 81

228 778 371 853 iratres:
395 779 586 876 quomodo
618 779 683 853 viri
717 778 841 854 lavant
868 779 914 854 de
947 807 1045 878 aqua
1078 807 1209 856 manus
1241 809 1338 868 suas,
1376 785 1426 856 sic
1459 783 1506 857 de

227 904 471 1002 eleemosynis
490 903 613 978 lavent
631 906 891 980 conscientiam
912 932 1033 993 suam;
1064 906 1229 981 similiter
1256 925 1294 982 et
1321 908 1503 996 mulieres

227 1031 416 1128 quomodo
439 1030 594 1104 nitidum
614 1031 790 1106 exhibent
809 1030 1000 1106 lentiolum
1021 1035 1109 1131 (sic),
1131 1034 1194 1107 ubi
1214 1059 1348 1132 corpus
1369 1035 1504 1109 Christi

226 1157 416 1254 accipiant,
448 1156 499 1230 sic
527 1182 661 1253 corpus
689 1174 831 1231 castum
859 1175 896 1232 et
919 1184 983 1232 cor
1011 1159 1189 1232 mundum
1218 1160 1435 1235 exhibeant:
1463 1178 1505 1235 ut

226 1309 309 1356 cum
324 1283 423 1356 bona
437 1283 661 1356 conscientia
677 1282 812 1356 Christi
829 1301 1058 1358 sacramenta
1072 1286 1284 1382 suscipiant.
1298 1287 1409 1383 Rogo
1423 1312 1501 1371 vos,
1534 1315 1549 1363 5

227 1410 374 1495 lratres;
399 1409 578 1506 numquid
607 1425 665 1482 est
691 1409 834 1506 aliquis
857 1410 919 1508 qui
941 1411 976 1482 in
996 1435 1080 1484 arca
1100 1411 1271 1484 sordibus
1291 1410 1402 1508 plena
1420 1412 1507 1485 velit

227 1536 371 1610 mittere
400 1552 540 1609 vestem
570 1535 696 1609 suam?
725 1536 774 1608 Et
802 1536 832 1608 si
862 1537 897 1609 in
927 1561 1012 1610 arca
1041 1537 1213 1611 sordibus
1247 1537 1357 1634 plena
1393 1538 1506 1612 vestis

227 1689 301 1736 non
331 1663 484 1736 mittitur
503 1662 679 1759 preciosa,
701 1687 777 1759 qua
795 1662 915 1736 sronte
944 1662 980 1735 in
999 1664 1132 1748 anima,
1155 1689 1251 1760 quae
1272 1681 1504 1761 peccatorum

226 1789 399 1862 sordibus
427 1788 662 1886 iniquinatur,
686 1787 821 1862 Christi
844 1789 1050 1863 Eucaristia
1074 1790 1319 1887 suscipiatur?
1343 1791 1392 1864 Et
1419 1791 1506 1888 quia

226 1915 306 1988 istis
328 1914 512 1987 vilissimis
544 1912 723 2009 exemplis
755 1911 856 2012 loqui
886 1915 1085 2011 caepimus,
1111 1916 1222 1988 etiam
1247 1933 1285 1990 et
1312 1915 1381 1990 hoc
1403 1916 1504 2014 quod
1536 1949 1568 1984 ιο

226 2041 322 2114 bene
352 2038 468 2114 nostis
498 2038 654 2112 insinuo.
687 2039 772 2111 Non
803 2056 893 2135 puto
921 2065 1005 2113 esse
1032 2039 1193 2138 aliquem
1217 2040 1415 2127 hominem,
1441 2043 1505 2140 qui

227 2167 263 2238 in
296 2191 380 2239 arca
408 2190 485 2250 sua,
517 2164 579 2237 ubi
608 2163 789 2260 pretiosas
824 2180 946 2238 vestes
975 2165 1088 2239 habet
1123 2167 1321 2262 repositas,
1356 2167 1506 2263 adquie-

225 2307 304 2364 scat
331 2307 396 2364 aut
423 2291 619 2364 carbonem
649 2290 770 2362 vivum
798 2307 863 2364 aut
890 2290 1197 2389 qualemcumque
1230 2291 1421 2366 scintillam
1452 2293 1508 2365 in-

225 2417 385 2490 cludere.
417 2416 543 2510 Quare
571 2415 651 2500 hoc,
683 2415 835 2489 fratres?
864 2415 963 2510 Quia
988 2417 1092 2490 timet
1119 2441 1166 2490 ne
1193 2418 1430 2490 comburatur
1447 2443 1508 2490 ve·

227 2543 401 2616 stimenta
429 2542 565 2639 quibus
585 2542 621 2615 in
645 2542 903 2615 festivitatibus
923 2540 1094 2616 induitur.
1119 2544 1229 2638 Rogo
1248 2568 1326 2628 vos,
1358 2542 1503 2616 fratres:

226 2669 290 2765 qui
327 2669 363 2740 in
398 2667 545 2741 archam
580 2693 685 2741 suam
723 2693 797 2741 non
832 2666 911 2741 vult
942 2667 1134 2741 scintillam
1168 2669 1265 2766 ignis
1302 2667 1502 2754 includere,
1536 2701 1567 2750 15

226 2821 341 2892 quare
371 2795 406 2868 in
435 2795 596 2867 animam
625 2819 730 2867 suam
759 2794 945 2868 flammam
976 2794 1186 2868 iracundiae
1215 2819 1289 2867 non
1319 2794 1424 2867 timet
1450 2820 1507 2868 ac·

225 2919 407 2995 cendere?
434 2920 511 2994 Sed
539 2945 654 3017 quare
681 2918 751 2992 hoc
778 2919 856 3006 fiat,
889 2919 1081 2993 manifeste
1109 2935 1147 2992 et
1174 2919 1365 2993 evidenter
1391 2945 1506 3017 agno·

227 3047 374 3120 scimus.
407 3047 496 3120 ldeo
524 3047 622 3120 enim
643 3046 678 3118 in
701 3045 811 3119 archa
841 3047 965 3143 ignem
995 3071 1068 3118 non
1099 3045 1287 3131 mittimus,
1318 3047 1407 3144 quia
1425 3045 1507 3118 dili-

226 3171 351 3269 gimus
379 3188 521 3245 vestem
550 3189 730 3246 nostram:
757 3171 943 3244 flammam
962 3195 1050 3243 vero
1079 3169 1288 3243 iracundiae
1317 3170 1401 3243 ideo
1431 3195 1503 3243 non

227 3297 517 3395 exstinguimus,
556 3297 643 3395 quia
676 3322 750 3370 non
786 3295 906 3370 solum
942 3321 1016 3368 non
1050 3294 1254 3393 diligimus,
1293 3296 1360 3369 sed
1394 3297 1506 3370 etiam
1537 3343 1570 3378 20

227 3423 314 3496 odio
343 3422 523 3496 habemus
542 3423 702 3496 animam
732 3438 915 3508 nostram;
945 3421 1148 3495 secundum
1178 3420 1266 3493 illud
1294 3420 1396 3519 quod
1424 3423 1507 3495 scri-

229 3565 332 3644 ptum
361 3564 433 3623 est:
464 3548 539 3642 Qui
575 3547 695 3646 diligit
729 3548 977 3646 iniquitatem,
1009 3547 1087 3620 odit
1114 3547 1274 3620 animam
1303 3572 1420 3620 suam.
1459 3549 1508 3622 Et

230 3673 323 3760 ideo,
357 3673 485 3746 fratres
511 3672 724 3758 charissimi,
764 3671 934 3770 exempla
970 3673 1039 3746 ista
1073 3673 1260 3746 adtentius
1300 3673 1508 3770 cogitantes

228 3802 380 3876 arcellas
408 3801 611 3887 interiores
634 3800 670 3873 id
698 3816 757 3873 est
783 3800 1027 3873 conscientias
1048 3817 1203 3885 nostras,
1225 3814 1405 3897 quantum
1424 3826 1508 3897 pos-

229 3954 368 4014 sumuS,
399 3953 482 4001 cum
513 3927 585 4000 Dei
613 3927 796 4001 adiutorio
824 3926 1008 4000 custodire
1034 3923 1247 4022 diligentius
1275 3926 1506 4002 studeamus:
1538 3973 1569 4022 25

230 4072 279 4140 ut,
309 4079 393 4127 cum
421 4053 502 4126 dies
525 4052 644 4125 iudicii
665 4052 815 4136 venerit,
839 4052 874 4124 in
895 4051 955 4124 illa
973 4067 1125 4124 aeterna
1143 4066 1181 4124 et
1200 4051 1310 4125 beata
1331 4052 1505 4141 Ecclesia,

229 4182 291 4255 ubi
313 4204 514 4277 numquam
535 4178 700 4252 habitare
719 4178 856 4276 poterit
880 4177 1008 4262 malus,
1040 4177 1102 4249 ubi
1123 4203 1325 4273 numquam
1345 4179 1508 4253 exiturus

230 4323 287 4380 est
315 4307 446 4391 bonus,
478 4330 551 4378 non
579 4331 662 4378 cum
692 4305 824 4401 pannis
852 4304 1039 4377 veteribus
1068 4303 1156 4376 loris
1186 4303 1222 4375 in
1255 4304 1417 4377 tenebris
1449 4331 1510 4379 ex·

230 4433 384 4506 teriores
403 4429 540 4504 exclusi
563 4455 827 4527 appareamus;
857 4427 923 4502 sed
952 4428 1047 4503 stola
1068 4426 1349 4501 immortalitatis
1378 4429 1505 4516 induti,

230 4557 406 4632 castitatis
435 4574 473 4631 et
501 4557 658 4630 iustitiae
686 4556 845 4654 gemmis
865 4555 994 4640 ornati,
1017 4554 1324 4628 eleemosinarum
1347 4553 1428 4628 luce
1450 4583 1508 4631 ve·
1537 4609 1571 4658 30

232 4685 305 4757 stiti
324 4683 452 4758 audire
472 4707 695 4756 mereamur:
720 4682 855 4755 Venite
874 4680 1058 4754 benedicti
1088 4679 1202 4776 patris
1225 4679 1307 4765 mei,
1332 4681 1508 4778 percipite

232 4835 406 4909 regnum;
435 4825 473 4882 et
500 4805 604 4880 illud:
635 4807 751 4880 Serve
782 4807 882 4880 bone
910 4823 948 4879 et
976 4804 1105 4890 fidelis,
1136 4805 1230 4877 intra
1258 4805 1294 4876 in
1329 4807 1507 4903 gaudium

232 4937 371 5010 domini
399 4935 463 5008 tui.
486 4933 547 5006 Ad
566 4933 667 5031 quod
687 4932 865 5031 gaudium
886 4959 954 5006 nos
976 4931 1161 5006 Dominus
1185 4956 1253 5004 sua
1281 4933 1509 5028 protectione

232 5060 418 5159 perducat,
448 5057 511 5156 qui
539 5057 626 5129 vivit
645 5074 682 5130 et
702 5073 833 5155 regnat
861 5057 896 5129 in
927 5053 1073 5128 saecula
1101 5053 1341 5128 saeculorum.
1373 5057 1507 5131 Amen.
