4078 6126
502 507 779 562 CONSECRATIO
799 507 954 560 SACRAE
974 503 1167 566 VIRGINIS,
1190 504 1273 557 ETC.
1490 513 1524 564 59

888 625 983 632 —
1303 618 1500 627 --·---·

389 753 518 826 ITEM
550 753 753 825 ORATIO
783 753 859 825 AD
891 753 1092 825 MISSAM
1125 751 1380 825 EIUSDEM.

356 901 389 970 3.
423 879 493 964 Da,
538 905 774 976 quaesumus,
808 879 980 964 Domine,
1026 877 1184 952 famulae
1213 895 1300 951 tuae
1329 878 1526 975 quamvir-

250 1005 412 1102 ginitatis
441 1004 582 1078 honore
609 1004 785 1102 dignatus
813 1031 854 1078 es
882 1004 1066 1090 decorare,
1099 1003 1257 1077 inchoati
1286 1003 1409 1100 operis
1437 1028 1523 1076 con·

252 1149 472 1204 summatum
514 1130 703 1205 effectum:
734 1147 771 1204 et
799 1147 840 1204 ut
876 1131 1074 1226 perfectam
1104 1129 1167 1203 tibi
1202 1128 1333 1202 offerat
1373 1128 1528 1225 plenitu-

252 1245 520 1340 dinem‚'initia
548 1282 616 1330 sua
644 1257 844 1352 perducere
874 1272 1057 1330 mereatur
1084 1255 1130 1328 ad
1161 1254 1282 1340 finem,
1315 1281 1390 1351 per.
1575 1284 1589 1333 5

355 1406 391 1473 4.
423 1382 587 1454 Secreta:
616 1380 763 1454 Oblatis
792 1381 931 1467 hostiis,
966 1381 1139 1466 Domine,
1164 1407 1402 1479 quaesumus
1426 1405 1529 1476 prae·

253 1507 344 1580 senti
375 1505 534 1580 famulae
562 1523 647 1580 tuae
677 1507 986 1603 perseverantIam
1008 1525 1209 1603 perpetuae
1228 1505 1447 1602 virginitatis
1472 1531 1529 1578 ac-

251 1633 462 1708 commoda:
483 1650 533 1718 ut,
551 1635 688 1730 apertis
703 1634 831 1719 ianuis,
850 1634 982 1706 summi
999 1634 1097 1731 regis
1112 1633 1272 1707 adventu
1289 1659 1371 1706 cum
1391 1632 1528 1706 laetitia

253 1777 434 1833 mereatur
462 1760 606 1844 intrare,
638 1786 714 1856 per.

360 1905 393 1976 5.
414 1884 528 1981 Insro
546 1887 732 1958 actionem:
756 1886 864 1959 Hanc
885 1887 995 1984 igitur
1018 1885 1243 1959 oblationem
1262 1886 1420 1960 famulae
1442 1904 1528 1960 tuae
1560 1909 1592 1945 10

251 2011 344 2084 iIIius
371 2036 483 2108 quam
504 2012 567 2084 tibi
597 2011 704 2085 offert
731 2012 779 2085 ob
808 2012 906 2085 diem
929 2012 1058 2086 natalis
1087 2013 1143 2084 sui
1172 2012 1208 2084 in
1238 2037 1313 2109 quo
1343 2037 1425 2086 eam
1461 2012 1525 2084 tibi

252 2138 413 2222 socians,
444 2163 548 2210 sacro
575 2137 756 2211 veiamine
785 2157 981 2236 protegere
1009 2139 1185 2235 dignatus
1210 2163 1261 2224 es,
1289 2163 1525 2234 quaesumus

254 2263 426 2346 Domine,
459 2263 683 2359 propiciatus
712 2263 914 2337 sanctifica:
944 2282 985 2337 ut
1014 2265 1088 2348 tibi,
1122 2264 1285 2337 Domino
1318 2289 1360 2337 ac
1389 2289 1528 2360 sponso

252 2413 320 2461 suo
348 2388 519 2473 venienti,
550 2414 634 2460 cum
662 2386 832 2484 lampade
861 2415 929 2462 suo
963 2388 1230 2485 inextinguibili
1264 2388 1440 2486 placitura
1472 2415 1529 2463 oc-

252 2538 395 2586 currere
424 2530 617 2586 mereatur.
1561 2548 1591 2596 15

355 2645 394 2710 Ι6.
425 2638 513 2710 Post
539 2640 835 2712 commumonem:
866 2639 1034 2734 Respice,
1058 2641 1230 2726 Domine,
1257 2640 1415 2715 famulae
1444 2657 1529 2715 tuae

254 2764 318 2838 tibi
337 2763 501 2838 deditam
520 2765 751 2838 servitutem:
767 2781 813 2838 ·ut
833 2765 927 2838 inter
945 2765 1129 2840 humanae
1148 2767 1354 2865 fragilitatis
1380 2769 1527 2854 incerta,

253 2888 361 2963 nullis
389 2889 672 2964 adversitatibus
708 2892 953 2987 opprimatur,
992 2918 1089 2988 quae
1121 2893 1168 2967 de
1204 2911 1267 2968 tua
1302 2894 1530 2990 protectione

254 3014 413 3100 confidit,
446 3041 521 3111 per.

600 3143 729 3217 ITEM
765 3145 892 3217 ALIA
932 3145 1186 3219 EIUSDEM.
1559 3168 1592 3203 ²0

363 3289 395 3359 7.
428 3269 559 3341 Preces
579 3267 738 3342 famulae
757 3285 843 3343 tuae
863 3269 967 3354 illius,
995 3296 1232 3367 quaesumus,
1266 3271 1438 3354 Domine,
1470 3270 1532 3342 be-

255 3393 390 3491 nignus
413 3393 563 3468 exaudi:
595 3411 635 3468 ut
671 3412 709 3468 et
746 3413 931 3492 sumptam
960 3397 1137 3470 castitatis
1165 3397 1332 3494 gratiam,
1364 3413 1400 3468 te
1432 3395 1531 3469 auxi·

255 3518 390 3604 liante,
406 3519 598 3606 custodiat,
630 3548 708 3618 per.
1507 3517 1511 3524 ’

361 3649 395 3718 8.
427 3647 589 3720 Secreta:
612 3647 766 3730 Votivis,
797 3672 1034 3743 quaesumus
1063 3650 1235 3735 Domine,
1259 3648 1416 3722 famulae
1446 3667 1530 3722 tuae

256 3769 349 3843 illius
376 3771 506 3845 adesto
535 3773 765 3845 muneribus:
793 3789 833 3845 ut
861 3791 896 3846 te
916 3775 1070 3848 custode
1091 3793 1243 3857 servata,
1267 3775 1530 3849 haereditatem
1560 3807 1592 3856 25

255 3895 522 3969 benedictionis
550 3914 722 3971 aeternae
751 3898 938 3994 percipiat,
970 3925 1046 3996 per.

395 4233 422 4282 1,
444 4217 611 4284 perfectam:
627 4235 704 4271 corr.
719 4235 758 4272 m·
772 4218 938 4284 perfectum.
956 4249 987 4256 —
1002 4222 1027 4272 S.
1049 4221 1189 4274 adventu:
1210 4236 1286 4274 corr.
1307 4239 1347 4275 m·
1366 4221 1531 4278 adventum.

327 4327 360 4336 -—
382 4315 423 4351 11.
444 4298 542 4352 offert:
564 4315 641 4353 corr.
662 4316 716 4352 er:
735 4299 844 4353 offeret.

303 4605 330 4662 5.
356 4587 425 4658 Gel,
452 4593 524 4664 631,
548 4590 649 4666 (159),
676 4589 759 4649 Men.
791 4593 860 4658 168,
887 4591 968 4650 Mur.
995 4610 1069 4668 453,
1096 4592 1188 4652 Mart.
1215 4591 1292 4654 Ord.
1318 4593 1356 4666 V,
1383 4593 1437 4654 lx.

303 4714 330 4768 4.
355 4693 425 4758 GeI.
448 4700 510 4771 632
535 4697 637 4772 (159),
665 4696 748 4756 Men.
780 4701 848 4761 168,
876 4697 958 4758 Mur.
983 4717 1056 4775 453.
1086 4699 1178 4760 Mart.
1205 4701 1282 4762 Ord.
1309 4703 1347 4771 V,
1375 4702 1430 4773 IX,
1456 4704 1495 4764 X.

303 4811 329 4867 5.
355 4792 425 4853 Get.
452 4798 513 4870 632
540 4790 640 4876 (159),
667 4793 759 4854 Mart.
786 4795 864 4858 Ord.
889 4795 928 4862 t’,

303 4893 330 4949 6.
356 4891 453 4951 Leon.
474 4911 548 4968 405,
574 4891 642 4951 Gel.
663 4896 725 4967 632
750 4895 852 4970 (159),
873 4895 956 4956 Men.
981 4901 1049 4964 168,
1077 4897 1159 4957 Mur.
1185 4901 1370 4975 45511111.
1397 4901 1475 4961 Ord.
1493 4900 1533 4964 Χ.

304 5005 331 5064 7.
357 4988 435 5050 Ord.
463 4991 554 5050 Rom.
585 4994 655 5060 162,
681 4989 749 5049 Gel.
777 4995 838 5066 655
863 4994 964 5069 (160).

303 5091 330 5146 8.
356 5085 415 5146 Gel
443 5093 504 5164 655
529 5089 631 5166 (160).
