4078 6126
523 526 557 589 98
771 521 974 575 APPEme
994 522 1050 574 ΑΙ)
1072 521 1339 574 PONTIFICALE
1358 521 1467 573 SAEC.
1491 521 1542 574 IX.

523 771 723 867 pitiationis
751 768 939 843 effectum:
969 785 1019 854 ut,
1051 769 1145 842 sicut
1172 769 1207 841 in
1237 768 1410 864 passione
1439 793 1506 841 sua
1536 768 1666 843 Ihesus
1695 767 1803 842 Chri-

524 913 603 969 stus
633 894 817 968 Dominus
847 911 973 968 noster
999 895 1145 967 diversa
1173 894 1337 990 utrisque
1362 894 1482 967 intulit
1509 895 1693 990 stipendia
1729 923 1786 968 me

525 1023 691 1108 ritorum;
722 1021 772 1093 ita
813 1019 934 1104 nobis,
966 1020 1089 1093 ablato
1117 1019 1310 1093 vetustatis
1353 1044 1491 1104 errore,
1527 1021 1801 1094 resurrectionis

526 1173 614 1221 suae
638 1146 794 1245 gratiam
823 1145 1014 1243 largiatur,
1046 1145 1109 1243 qui
1139 1162 1271 1218 tecum.

478 1305 493 1355 5
1008 1271 1147 1371 [Super
1173 1271 1321 1370 obluta}

633 1421 666 1490 3.
699 1400 783 1494 lpse
812 1399 888 1482 tibi,
919 1423 1160 1495 quaesumus,
1193 1397 1355 1470 Domine
1384 1413 1520 1482 sancte,
1554 1399 1662 1472 Pater
1688 1400 1804 1472 omni-

524 1541 657 1622 potens
687 1525 804 1609 Deus,
835 1523 1050 1597 sacrificium
1081 1540 1246 1596 nostrum
1276 1523 1407 1596 reddat
1434 1540 1636 1619 acceptum,
1668 1527 1730 1622 qui
1751 1526 1801 1598 di·

524 1649 672 1747 scipulis
700 1652 776 1723 suis
806 1651 841 1723 in
871 1650 926 1722 sui
946 1649 1296 1723 commemoratione
1316 1648 1385 1722 hoc
1414 1648 1502 1732 fieri,
1533 1648 1712 1723 hodierna
1731 1668 1804 1724 tra-

524 1776 673 1861 ditione,
705 1775 938 1849 monstravit:
969 1775 1032 1873 qui
1062 1792 1183 1848 tecum
1212 1774 1309 1847 vivit.

838 2026 1165 2102 BENEDICTIO
1198 2024 1488 2102 CHRISMAE.

633 2295 668 2364 4.
702 2271 907 2345 Unanimes
940 2289 1051 2367 atque
1086 2270 1304 2354 concordes,
1336 2271 1464 2344 fratres
1494 2271 1690 2358 karissimi,
1732 2274 1803 2347 Dei

525 2397 641 2471 Patris
669 2397 934 2492 omnipotentis
970 2395 1144 2470 auxilium
1178 2395 1449 2469 misericordiae
1476 2397 1733 2494 deprecemur:
1764 2416 1804 2472 ut

523 2523 592 2598 hoc
621 2540 863 2622 unguentum,
895 2548 969 2619 quo
999 2521 1034 2595 in
1064 2520 1178 2620 regali
1208 2521 1327 2618 gloria
1355 2522 1515 2618 populus
1543 2523 1622 2597 eius
1648 2525 1803 2598 vestien-

523 2651 593 2723 dus
622 2667 689 2734 est,
720 2648 867 2722 caelesti
896 2648 1171 2732 benedictione,
1203 2665 1241 2721 et
1273 2649 1415 2722 virtutis
1443 2674 1533 2722 suae
1566 2650 1694 2746 vigore
1728 2675 1803 2722 cor-

452 2806 493 2854 .15
522 2775 687 2862 roboret;
718 2791 755 2848 et
789 2774 952 2872 tegmine
971 2775 1051 2848 eius
1071 2773 1176 2871 plebs
1205 2773 1240 2845 in
1269 2790 1461 2846 aeternum
1483 2775 1678 2849 benedicta
1701 2792 1807 2849 tuea-

522 2915 597 2975 tur:
628 2919 838 2998 praestante
869 2902 1033 2974 Domino
1057 2915 1183 2974 nostro
1214 2898 1321 2971 lhesu
1345 2899 1502 2990 Christo,
1529 2901 1696 2998 quicum
1722 2900 1805 2996 ipso

522 3045 560 3101 et
588 3028 726 3124 Spiritu
756 3045 886 3102 sancto
912 3027 1001 3101 vivit
1028 3043 1066 3099 et
1093 3042 1226 3122 regnat
1254 3050 1320 3119 per
1348 3027 1473 3098 omnia
1505 3024 1652 3099 saecula
1680 3051 1808 3099 saccu-

522 3149 652 3227 lorum.
683 3155 814 3226 Amen.

632 3279 819 3352 Dominus
847 3280 1050 3353 vobiscum.

957 3405 1148 3501 Praefatio
1175 3405 1363 3477 chrismae.

634 3554 667 3624 5.
698 3534 796 3605 Vere
824 3531 911 3627 quia
939 3530 1094 3627 dignum
1124 3545 1161 3603 et
1190 3531 1325 3602 iustum
1354 3545 1426 3613 est,
1457 3555 1617 3626 aequum
1647 3551 1684 3606 et
1713 3533 1807 3606 salu·
1856 3521 1861 3528 ’

525 3675 623 3744 tare;
655 3659 737 3731 Nos
766 3657 830 3730 tibi
859 3681 1006 3751 semper
1033 3654 1090 3726 hic
1119 3672 1157 3727 et
1183 3654 1321 3751 ubique
1349 3655 1488 3750 gratias
1521 3679 1648 3753 agere,
1687 3657 1807 3730 domi-

527 3803 633 3858 nator
659 3785 821 3857 Domine
843 3783 959 3866 Deus,
984 3782 1063 3852 Rex
1085 3795 1227 3864 unctuS,
1249 3795 1377 3852 auctor
1395 3783 1594 3878 unguenti;
1616 3783 1808 3879 speciosus

527 3911 653 3994 forma,
687 3909 888 4004 speciosior
906 3907 1096 3992 unctione;
1127 3920 1289 3979 sacrator
1313 3905 1391 4001 ipse
1416 3923 1510 3990 tuus,
1534 3908 1613 4003 ipse
1641 3910 1807 3984 omnium

466 4062 497 4110 25
525 4051 775 4110 consecrator:
807 4035 880 4128 Qui
911 4049 1141 4130 unguentum
1170 4031 1218 4102 de
1248 4048 1431 4126 potestate
1460 4034 1674 4120 sanctificas,
1707 4053 1811 4131 pote·

527 4178 659 4236 statem
688 4186 882 4234 consecras
900 4160 948 4232 de
972 4174 1185 4256 unguento;
1207 4131 1466 4254 de'unguento
1493 4159 1607 4234 iecisti
1637 4160 1805 4242 chrisma,

526 4290 574 4362 de
603 4288 797 4361 chrismate
827 4311 973 4370 nomen,
1010 4283 1110 4382 quod
1140 4298 1197 4355 est
1226 4309 1337 4379 super
1372 4309 1482 4356 omne
1517 4310 1671 4370 nomen,
1702 4303 1743 4358 ut
1772 4286 1807 4357 in

529 4414 677 4486 nomine
707 4413 776 4486 isto
806 4413 853 4486 sit
881 4411 1015 4510 regalis
1044 4410 1168 4483 unctio
1196 4409 1412 4482 christianis
1452 4410 1493 4480 In
1523 4426 1586 4482 tuo
1615 4436 1706 4508 ergo
1741 4437 1808 4484 no-

671 4655 697 4704 5.
718 4641 825 4708 [Super
844 4639 949 4710 oblnla]
968 4639 1063 4704 suppl.
1085 4640 1114 4691 iu
1133 4643 1186 4694 hac
1204 4643 1246 4694 cd.
1261 4658 1300 4694 ex
1313 4642 1372 4694 cod.
1395 4643 1484 4707 Bcrg.
1505 4673 1536 4680 -
1559 4657 1601 4706 13.
1622 4659 1696 4708 quo:
1717 4641 1807 4708 qnod.

600 4723 659 4773 cod.
683 4723 771 4786 Hero.
796 4753 825 4760 —
850 4736 891 4784 1⁴·
913 4721 1026 4784 uigore:
1049 4721 1152 4784 rigore.
1174 4724 1233 4776 rod.
1254 4723 1345 4787 Berg.

576 4949 604 5006 3.
632 4932 715 4990 Men.
742 4937 793 4997 66,
818 4931 913 4992 Gerb.
940 4948 991 5008 72.

575 5049 605 5104 4.
629 5027 724 5089 Gorb.
752 5049 802 5106 75.

577 5146 604 5204 5.
630 5127 725 5188 Gerb.
753 5147 803 5204 72.
