4084 6128
910 473 1055 528 PONTIF
1058 473 1176 527 ICALE
1200 471 1310 526 SAEC.
1340 471 1392 525 111.

622 728 682 795 61.
713 722 835 818 Super
861 720 1033 794 oblatam:
1057 719 1316 817 Omnipotens,
1348 719 1571 816 sempiterne
1596 720 1712 808 DeuS,
1743 722 1793 797 al·

510 862 587 920 tare
616 847 754 920 nomini
782 864 847 921 tuo
875 846 1036 920 dicatum
1065 844 1232 919 caelestis
1261 845 1403 918 virtutis
1422 844 1680 920 benedictione
1709 873 1790 922 san-

509 972 641 1046 ctifica:
672 989 713 1046 ut
739 973 912 1046 omnibus
932 972 967 1045 in
985 981 1024 1046 'te
1044 970 1277 1069 sperantibus
1297 968 1419 1044 auxilii
1440 970 1492 1043 tui
1515 996 1650 1046 munus
1669 989 1792 1048 osten·

509 1097 592 1182 das,
636 1114 677 1171 ut
713 1097 770 1171 hic
804 1114 1115 1172 sacramentorum
1150 1095 1273 1182 virtue,
1311 1111 1349 1169 et
1383 1111 1551 1170 votorum
1581 1098 1792 1194 optineatur

464 1259 478 1309 5
509 1222 672 1309 effectus
703 1247 778 1319 per.

617 1355 677 1421 62.
696 1348 908 1445 Praefatio:
929 1349 1036 1434 Vere,
1058 1373 1191 1444 usque:
1209 1373 1276 1444 per
1296 1349 1482 1422 Christum
1504 1348 1707 1422 Dominum
1730 1375 1791 1422 no·

508 1488 641 1547 strum:
673 1474 743 1548 Per
770 1499 881 1571 quem
911 1490 947 1548 te
987 1472 1172 1570 supplices
1208 1473 1459 1570 deprecamur,
1491 1490 1532 1548 ut
1568 1473 1682 1548 altare
1720 1474 1789 1549 hoc

508 1601 642 1673 sanctis
672 1599 799 1673 usibus
827 1615 1085 1696 praeparatum
1121 1598 1268 1672 caelesti
1307 1599 1540 1673 dedicatione
1568 1599 1787 1674 sanctifices:

508 1742 549 1799 ut
583 1725 677 1798 sicut
706 1722 978 1798 Melchisedech
1018 1721 1220 1798 sacerdotis
1248 1725 1434 1822 praecipui
1471 1721 1696 1798 oblationem
1738 1725 1789 1799 di-

448 1887 479 1924 ω
507 1852 685 1949 gnatione
714 1848 868 1924 mirabili
901 1849 1109 1946 suscepisti,
1141 1850 1191 1923 ita
1226 1851 1398 1948 imposita
1436 1876 1533 1934 novo
1566 1850 1649 1924 huic
1685 1850 1788 1926 altari

508 2002 662 2050 munera
690 2002 836 2074 semper
863 1992 1016 2072 accepta
1050 1975 1143 2050 serre
1177 1977 1358 2075 digneris:
1397 1994 1437 2049 ut
1468 1974 1628 2074 populus
1655 1977 1718 2074 qui
1752 1979 1787 2052 in

508 2103 601 2176 hanc
621 2100 796 2176 ecclesiae
825 2102 977 2175 domum
1006 2117 1170 2175 sanctam
1199 2103 1381 2189 convenit,
1412 2127 1479 2200 per
1506 2101 1596 2176 haec
1616 2101 1790 2179 libamina

507 2225 656 2301 caelesti
695 2225 981 2300 sanctificatione
1010 2224 1182 2313 salvatus
1217 2227 1421 2301 animarum
1451 2252 1602 2324 quoque
1639 2253 1787 2302 suarum

508 2352 664 2427 salutem
693 2368 910 2450 perpetuam
938 2369 1223 2449 consequantur.
1255 2352 1352 2427 Cum
1382 2352 1550 2450 Angelis,
1573 2351 1610 2450 l)

448 2521 477 2571 15
617 2486 678 2572 63.
710 2481 797 2553 Posi
821 2480 1117 2552 communionem:
1136 2477 1383 2572 Quaesumus,
1410 2479 1645 2576 omnipotens
1670 2479 1785 2564 Deus,

510 2622 552 2678 ut
569 2606 638 2679 hoc
668 2605 703 2678 in
732 2604 824 2692 loeo,
855 2630 966 2704 quem
996 2603 1134 2677 nomini
1164 2619 1227 2677 tuo
1257 2603 1397 2702 indigni
1418 2605 1629 2691 dicavimus
1651 2605 1790 2678 cunctis

510 2732 721 2828 petentibus
749 2757 858 2806 aures
887 2748 972 2805 tuae
1000 2729 1147 2826 pietatis
1175 2730 1445 2816 accommodes,
1477 2756 1552 2828 per.

619 2864 680 2950 64.
715 2857 836 2954 Super
869 2855 1070 2953 populum:
1101 2854 1206 2927 Deus
1244 2856 1306 2951 qui
1345 2857 1518 2929 exomni
1556 2858 1790 2954 coaptatione

510 2999 719 3056 sanctorum
739 2998 930 3055 aeternum
950 2980 1015 3054 tibi
1035 2978 1164 3053 condis
1193 2979 1451 3066 habitaculum,
1474 2981 1522 3054 da
1544 2982 1787 3057 aedificationi

446 3144 478 3180 ω
511 3106 594 3180 huic
622 3107 847 3180 incrementa
873 3104 1063 3180 caelestia:
1086 3120 1126 3177 ut
1144 3128 1340 3201 quorum...
1372 3104 1545 3202 reliquias
1573 3107 1635 3203 pio
1663 3133 1789 3182 amore

510 3230 786 3329 complectimur
813 3255 940 3305 eorum
970 3254 1118 3327 semper
1145 3230 1282 3303 meritis
1310 3230 1536 3316 adiuvemur,
1568 3257 1644 3328 per.

654 3516 679 3553 2.
709 3499 838 3553 caelestis
866 3497 990 3552 virtutis:
1018 3495 1134 3551 coelesti
1161 3494 1275 3558 virtute,
1305 3505 1343 3549 et.
1373 3498 1405 3550 C.
1436 3526 1469 3538 -
1498 3516 1524 3565 3.
1555 3508 1599 3553 ut:
1629 3509 1667 3554 et.
1698 3502 1731 3556 C.
1755 3532 1790 3542 ..

581 3580 730 3634 ostendas:
759 3579 889 3642 ostende,
919 3580 952 3632 C.
973 3609 1006 3618 —
1034 3593 1061 3643 4.
1092 3577 1154 3630 hic:
1173 3594 1199 3631 1.
1231 3593 1287 3630 ma.
1314 3577 1344 3630 in
1372 3580 1436 3630 aclu
1463 3579 1628 3647 scriptionis
1649 3581 1716 3636 huic
1742 3584 1793 3636 scd

581 3661 680 3716 deinde
691 3660 794 3714 abraso
806 3661 861 3715 litt.
883 3677 912 3714 u.
936 3687 963 3700 -
978 3665 1238 3712 sacramentorum:
1263 3665 1291 3710 et
1305 3667 1556 3716 sacramentorum.
1571 3663 1604 3715 C.
1625 3691 1659 3701 -
1682 3678 1723 3716 10.
1738 3663 1790 3716 im·

583 3741 688 3809 posita:
718 3744 757 3796 al.
786 3757 843 3795 mo.
872 3743 1001 3794 correcta
1028 3739 1125 3794 littera
1154 3753 1170 3790 a
1198 3755 1237 3792 ex
1256 3754 1282 3792 o.
1303 3767 1338 3778 ·-
1359 3753 1402 3803 17.
1431 3741 1646 3796 accommodes:
1673 3759 1704 3796 es
1731 3761 1788 3798 mo.

577 3821 736 3890 posteriori
754 3821 921 3889 inscriplum
940 3820 970 3874 iu
989 3837 1015 3873 a.
1036 3849 1070 3858 -
1092 3834 1134 3885 19.
1155 3817 1221 3872 tibi:
1243 3817 1382 3872 maiestati
1403 3829 1478 3874 tuae.
1499 3822 1532 3877 C.
1553 3853 1587 3862 -
1607 3840 1650 3878 20.
1672 3823 1752 3878 huic:
1774 3843 1791 3878 2

583 3920 640 3956 ma.
661 3902 691 3956 in
709 3915 830 3968 rasura;
849 3904 882 3956 C.
897 3912 972 3955 tuae.
994 3929 1028 3942 -
1046 3902 1111 3952 onie
1132 3897 1266 3966 reliquias
1278 3915 1393 3954 rasura.
1415 3931 1448 3944 -
1468 3901 1615 3971 reliquias:
1636 3921 1668 3958 as
1686 3923 1713 3959 2.
1731 3922 1788 3960 ma.

584 3983 613 4037 in
632 3999 753 4042 rorare·
771 3984 804 4038 C.
826 3981 871 4036 hic
890 3981 1034 4049 reliquias.

558 4225 609 4280 61.
623 4217 693 4282 Gel.
708 4223 771 4294 614
783 4215 884 4300 (139),
904 4217 987 4278 Men.
1008 4236 1078 4294 153,
1096 4215 1192 4277 Gerb.
1211 4215 1234 4287 l,
1255 4218 1326 4284 226,
1343 4215 1382 4284 ΙΙ,
1397 4235 1448 4296 47,
1463 4240 1515 4295 49,
1531 4221 1623 4282 Mart,
1638 4221 1715 4283 Ord,
1732 4221 1777 4282 ΙΙΙ

558 4324 609 4379 62.
642 4315 710 4378 Gel.
741 4322 803 4392 615
831 4317 933 4393 (139),
963 4315 1047 4376 Men.
1078 4333 1147 4391 153,
1177 4313 1272 4374 Gerb.
1305 4313 1328 4383 l,
1359 4319 1431 4386 226,
1463 4317 1502 4382 ΙΙ.
1531 4339 1583 4397 47,
1617 4341 1669 4398 49,
1696 4321 1788 4383 Mart.

513 4417 591 4479 Ord.
611 4415 667 4476 Ill.
714 4411 748 4494 ²¹³)
771 4415 855 4475 Nota
871 4413 903 4474 in
921 4413 949 4474 Α
965 4412 1138 4474 desiderari
1159 4435 1175 4468 «
1192 4411 1286 4493 Infra
1300 4415 1450 4475 actionem
1463 4441 1480 4473 »
1500 4437 1596 4496 quam
1612 4419 1788 4480 orationem

513 4515 609 4577 habet
631 4513 735 4575 Gelas.

558 4619 609 4690 63.
635 4611 704 4673 Gel.
730 4615 793 4689 614
818 4606 917 4694 (139),
945 4610 1028 4671 hlen.
1059 4629 1127 4688 154·
1154 4610 1236 4671 Mur.
1262 4617 1335 4688 489,
1361 4612 1456 4673 Gerb.
1483 4632 1534 4690 47.

558 4717 609 4789 64.
634 4710 703 4772 Gel.
730 4715 793 4787 614
816 4711 917 4787 (139),
944 4708 1027 4770 Men.
1058 4727 1128 4786 152,
1154 4709 1236 4770 Mur.
1264 4729 1337 4787 241,
1362 4717 1435 4788 482.
