4078 6126
446 517 623 571 ORDINES
644 518 719 570 PRO
738 518 1073 571 CONSECRATIONE
1092 518 1288 572 OLEORI'M
1470 531 1505 582 95

231 748 339 811 ordine
360 748 487 810 diverso
507 747 722 828 perficiuntur.
744 746 939 826 Hujusmodi
963 746 1184 810 convenientia
1205 769 1244 808 ex·
1269 768 1332 809 una
1352 757 1451 827 parte,
1474 759 1506 809 et

230 847 438 928 discrepantia
460 868 499 909 et
520 846 619 908 altera
641 867 714 908 curn
740 847 899 916 Romam,
924 845 1066 926 prolecto
1092 845 1230 908 innuunt
1253 847 1312 909 hos
1334 845 1414 908 ritus
1442 867 1505 908 nou

231 968 292 1008 uno
314 946 491 1026 eodemque
511 956 654 1025 tempore
676 944 773 1006 luisse
794 945 835 1006 ab
858 944 928 1024 ipso
951 955 1121 1006 mutuatos.
1145 946 1186 1006 Et
1201 967 1320 1016 revera,
1343 945 1430 1024 apud
1453 965 1506 1006 au-

231 1057 328 1108 ctores
350 1045 458 1107 nullus
481 1044 641 1107 invenitur
663 1063 775 1116 canon,
792 1043 938 1122 quiante
955 1043 1004 1104 lX
1018 1043 1181 1106 saeculum
1194 1047 1228 1123 3)
1250 1043 1504 1106 benedictionem

229 1143 288 1205 olei
304 1143 502 1206 infirmorum
514 1143 561 1205 uti
571 1145 770 1224 privativam
785 1143 1013 1222 Episcopomm
1030 1142 1177 1214 declaret,
1194 1142 1342 1224 quamvis
1357 1142 1390 1204 in
1406 1163 1506 1204 sacra-

230 1241 389 1306 mentariis
411 1241 581 1304 Gelasiano
603 1255 635 1304 et
657 1240 858 1321 Gregoriano
881 1240 963 1303 inter
986 1241 1066 1304 ritus
1090 1241 1208 1304 Missae
1231 1241 1419 1304 Chrismalis
1442 1241 1504 1303 iam

231 1341 412 1404 recensitam
439 1340 592 1421 reperies:
617 1340 715 1402 immo
744 1339 817 1402 libri
849 1339 978 1402 rituales
1006 1339 1198 1402 ambrosiani
1227 1340 1303 1418 (iam
1328 1339 1361 1402 id
1385 1339 1506 1424 notavi)

229 1439 319 1502 etiam
337 1439 527 1502 recentiores
547 1451 582 1501 ut
600 1438 645 1500 ita
660 1439 774 1510 dicam¹
793 1437 875 1500 idest
892 1459 972 1500 saec.
992 1439 1072 1499 XIII
1097 1450 1129 1500 et
1151 1439 1230 1500 XIV
1246 1451 1320 1500 ante
1336 1438 1432 1500 ritum
1448 1460 1506 1518 pro

228 1540 426 1620 lnrposzlzbrre
447 1560 600 1600 nranuum
619 1545 716 1620 neper
731 1537 934 1618 instrmomm
956 1537 1084 1600 exibent
1107 1538 1356 1599 Berredr'ctionem
1382 1540 1445 1599 olei
1464 1539 1510 1598 nd

231 1639 432 1718 rmgumdum
461 1644 638 1718 aegromm,
668 1636 792 1698 secluso
821 1636 916 1698 etiam
940 1656 1014 1698 casu
1047 1635 1249 1698 necessitatis,
1283 1636 1361 1698 Inde
1392 1635 1507 1698 inserte

230 1734 333 1799 liceret
349 1737 435 1798 hunc
451 1735 681 1798 benedictionis
703 1735 766 1797 olei
790 1735 988 1797 infirmorum
1012 1735 1108 1798 ritum
1132 1734 1301 1798 accessisse
1324 1735 1441 1797 Missae
1465 1735 1506 1796 se·

230 1835 291 1898 riae
305 1836 335 1896 V
351 1835 475 1898 tardius
498 1833 561 1896 illis
584 1855 642 1915 pro
666 1834 836 1896 chrismate
858 1845 890 1896 et
906 1834 977 1896 oleo
1000 1835 1314 1906 catechumenorum
1337 1845 1421 1896 certe
1436 1845 1507 1914 post

231 1945 359 1996 mortem
385 1933 556 2004 Heriberti,
573 1934 629 1996 sed
645 1945 719 1995 ante
733 1953 847 1994 aevum
872 1932 1008 2004 Beroldi,
1029 1934 1159 2014 quando
1179 1953 1293 2014 nempe
1312 1931 1343 1996 in
1361 1933 1508 1994 universa
1561 2009 1567 2017 ι

232 2032 369 2095 Ecclesia
393 2033 472 2094 haec
498 2031 667 2112 disciplina
689 2030 815 2112 vulgari
838 2030 957 2111 coepit;
981 2031 1023 2092 de
1045 2052 1110 2112 qua
1133 2031 1330 2094 luculentum
1354 2031 1509 2094 babemus

230 2131 443 2193 testimonium
470 2130 554 2193 circa
579 2151 630 2192 an.
666 2136 750 2207 1089
776 2130 949 2192 Bonizom's
976 2130 1158 2191 Placentini
1182 2132 1288 2210 Episc.
1316 2132 1443 2212 (Libell.
1471 2131 1508 2191 de

231 2230 367 2292 ‚Sacrana
394 2228 506 2310 Migne
529 2241 550 2290 t.
580 2249 655 2308 150.
680 2250 710 2308 p.
737 2231 801 2306 86).
823 2251 840 2284 «
859 2228 929 2288 Hoc
950 2225 1068 2310 (oleum
1085 2227 1298 2314 infirmorum)
1321 2228 1408 2290 omni
1431 2241 1508 2289 tem-

234 2350 250 2384 «
265 2348 339 2407 pore
354 2327 438 2390 inter
456 2329 625 2390 Missarum
641 2326 795 2390 solemnia
809 2347 829 2387 a
845 2325 1038 2404 presbyteris
1054 2326 1086 2386 in
1102 2347 1141 2388 eo
1156 2327 1227 2388 loco
1244 2327 1298 2388 ubi
1315 2327 1360 2389 sic
1376 2327 1507 2408 legitur:

234 2427 330 2488 «Per
342 2447 435 2507 quem
448 2428 522 2488 haec
538 2429 645 2488 omnia
660 2427 739 2487 berra
755 2445 841 2486 creos
857 2423 980 2486 solebat
994 2425 1180 2486 consecrari.
1198 2426 1292 2487 Nunc
1307 2445 1383 2487 vero
1397 2445 1417 2488 a
1432 2425 1508 2488 solis

235 2525 420 2606 «episcopis
436 2526 468 2587 in
483 2525 596 2588 eodem
613 2525 683 2587 loco
699 2523 817 2586 Missae
834 2523 866 2583 in
882 2541 981 2584 coena
995 2523 1126 2585 Domini
1142 2535 1344 2586 consecratur
1355 2545 1386 2596 »;
1402 2524 1507 2604 proin-

230 2624 329 2705 deque
349 2645 389 2686 ex
412 2623 488 2704 ipsis
512 2623 689 2686 Ordinibus
705 2621 859 2684 Romanis
875 2621 980 2682 locum
997 2621 1029 2684 in
1046 2622 1176 2684 Canone
1192 2623 1328 2684 eundem
1345 2623 1430 2704 apud
1447 2643 1506 2684 nos

230 2722 392 2803 accepisse.

272 2822 421 2884 Attamen
444 2841 483 2883 ex
505 2842 573 2901 cap.
598 2821 710 2881 XXIX
739 2822 830 2884 Conc.
856 2822 950 2883 Prov.
976 2822 1187 2904 Medzblanen.
1205 2841 1257 2882 an.
1275 2825 1363 2899 1287,
1387 2819 1506 2882 Ottonc

231 2919 476 3000 Archiepiscopo
498 2919 657 2992 celebrati,
682 2919 834 3000 suspicari
852 2931 956 3000 potest
979 2940 1056 2981 num
1081 2917 1261 2980 benedictio
1283 2917 1344 2980 olei
1368 2918 1507 2980 infimro

232 3039 298 3080 rum
322 3019 353 3080 in
379 3019 542 3099 provincia
565 3029 673 3080 nostra
695 3039 774 3080 saec.
799 3018 881 3079 XIII
906 3018 1063 3098 privativa
1092 3017 1313 3097 episcoporum
1345 3017 1441 3078 soret:
1466 3037 1506 3078 en

232 3115 327 3196 ipsius
351 3118 466 3179 verba:
487 3141 504 3173 «
521 3119 600 3179 Item
617 3117 829 3197 praecipimus
845 3117 876 3178 in
895 3117 1012 3179 virtute
1035 3115 1235 3177 obedientiae
1250 3125 1282 3177 et
1297 3115 1507 3178 obtestatione

236 3215 364 3278 «divini
384 3215 498 3298 judicii
523 3215 678 3278 universis
702 3227 733 3277 et
756 3215 892 3296 singulis
915 3215 1082 3295 Episcopis
1105 3225 1231 3276 nostrae
1256 3213 1448 3284 Provintiae,
1466 3235 1505 3274 nc

236 3313 358 3376 «alicui
383 3313 532 3394 religioso
555 3313 670 3376 clerico
693 3313 743 3376 vel
766 3313 919 3376 saeculari
943 3315 1020 3376 dent
1043 3313 1093 3375 vel
1118 3313 1186 3375 dari
1211 3311 1327 3374 saciant
1350 3311 1504 3379 chrisma.

236 3412 370 3476 «oleum
386 3424 540 3486 sanctum,
558 3434 615 3475 nec
631 3433 686 3475 eos
703 3412 855 3493 recipiant
870 3413 911 3474 ad
928 3411 1065 3482 ordines
1083 3412 1131 3472 vel
1150 3411 1276 3491 publice
1292 3411 1332 3472 ad
1349 3409 1506 3472 celebran-

236 3511 341 3574 «dum
359 3511 500 3584 Missam,
517 3513 638 3594 absque
654 3511 753 3573 literis
769 3511 1037 3573 commendatitiis
1052 3510 1312 3573 dioecesanorum
1330 3528 1469 3571 suorum.
1484 3535 1501 3562 s

274 3610 372 3672 Modo
388 3609 541 3672 rationem
558 3609 719 3691 inquirere
734 3620 859 3689 oportet
875 3630 931 3671 cur
947 3609 1166 3672 ambrosianae
1178 3607 1415 3671 benedictiones
1426 3607 1506 3670 chri·

232 3709 335 3771 smatis
358 3721 390 3772 et
413 3708 473 3770 olei
498 3708 796 3771 catechumenorum
813 3707 940 3770 diverso
963 3707 1076 3769 ordine
1098 3719 1194 3788 atque
1218 3707 1250 3768 in
1273 3707 1418 3768 Romano
1442 3705 1504 3768 ritu

231 3806 438 3884 perficiantur.

273 3906 320 3966 Ex
341 3904 445 3966 allatis
467 3906 508 3966 ab
531 3905 621 3966 initio
644 3904 744 3986 liquet
766 3904 966 3984 disciplinam
984 3905 1191 3967 benedicendi
1216 3905 1248 3966 S.
1267 3903 1413 3966 Chrisma
1429 3903 1506 3965 seria

231 4003 312 4064 Vin
336 4023 434 4066 coena
459 4003 589 4065 Domini
613 4015 718 4065 ortum
743 4004 894 4066 habuisse
919 4004 1044 4066 saeculo
1062 4004 1107 4064 IV
1123 4015 1155 4065 et
1170 4004 1215 4066 V:
1231 4003 1296 4064 Sed
1320 4001 1345 4064 si
1363 4001 1506 4082 inspicia-

231 4123 298 4164 mus
324 4113 446 4164 veteres
473 4101 566 4164 codd.
595 4102 736 4164 missales
765 4101 923 4163 Ecclesiae
947 4112 1081 4174 nostrae,
1105 4101 1161 4182 qui
1184 4101 1413 4182 antiquissimis
1433 4121 1504 4162 cum

232 4200 391 4262 Leoniano
414 4210 446 4262 et
469 4199 639 4262 Gelasiano
661 4200 864 4271 conveniunt,
889 4199 1012 4262 nullum
1033 4199 1065 4260 in
1088 4200 1148 4262 hac
1173 4199 1249 4262 seria
1272 4199 1441 4278 vestigium
1462 4221 1507 4260 re·

230 4299 347 4376 peritur
371 4297 487 4360 Missae
512 4297 716 4370 Chrismalis;
741 4299 849 4369 immo,
875 4320 937 4360 una
961 4309 1084 4361 tantum
1109 4300 1244 4362 habetur
1268 4299 1365 4360 Missa
1383 4297 1415 4358 in
1435 4299 1506 4358 Ve-

230 4397 336 4475 speris‚
361 4397 631 4476 quemadmodum
657 4397 687 4458 in
715 4397 875 4476 primitiva
899 4397 1096 4460 institutione
1112 4397 1207 4478 hujus
1232 4397 1335 4468 seriae,
1354 4407 1389 4458 ut
1408 4395 1502 4457 refert

230 4515 294 4557 can.
314 4497 326 4556 Ι
350 4497 440 4558 Cone.
458 4496 705 4574 Rotomogensrs,
723 4515 773 4557 an.
796 4515 894 4575 1072:
912 4519 928 4552 ‹<
942 4495 1138 4562 chrismatis,
1156 4507 1187 4558 et
1209 4495 1269 4558 olei
1293 4493 1504 4574 Baptismatis

234 4713 492 4726 Oh———tu—u—

299 4861 327 4924 3)
344 4860 426 4914 Cone.
445 4861 622 4915 Cabilonensi
634 4861 672 4914 II
681 4879 727 4915 on.
742 4867 802 4928 815,
821 4879 846 4916 c.
862 4863 1001 4918 XLVIII.
1017 4861 1211 4916 «Secundum
1222 4861 1296 4914 beati
1311 4859 1442 4926 Apostoli
1460 4860 1505 4928 Ja-

234 4959 246 4979 «
259 4939 321 4992 cobi
334 4940 550 5004 documentum,
567 4941 715 5004 ...infirmi¹
727 4943 802 5004 oleo,
814 4943 893 5010 quod
907 4945 943 4997 ab
955 4943 1097 5011 episcopis
1111 4941 1296 5003 benedicitur.
1308 4958 1325 4994 a
1335 4940 1506 5008 presbyteris

234 5020 327 5086 «ungi
347 5020 492 5076 debent.»

304 5103 385 5156 Cone.
405 5103 650 5172 Aquisgronensis
674 5105 713 5156 II
729 5121 776 5158 on.
796 5109 856 5170 836,
875 5122 939 5171 cap.
956 5105 995 5168 11,
1016 5123 1040 5159 c.
1059 5107 1142 5158 VIII.
1158 5125 1173 5156 c
1189 5106 1228 5160 Ut
1243 5104 1331 5158 semel
1346 5103 1373 5156 in
1387 5119 1463 5156 anno
1477 5101 1505 5154 id

236 5191 302 5234 «est
322 5181 350 5236 in
369 5183 469 5249 quinta
489 5185 566 5248 feria,
583 5201 658 5252 quae
676 5193 719 5238 est
738 5184 767 5237 in
786 5187 884 5239 Coena
899 5185 1026 5248 Domini,
1042 5186 1138 5240 unctio
1151 5185 1240 5240 sancti
1251 5184 1318 5248 olei,
1333 5184 1361 5237 in
1375 5200 1434 5250 quo
1452 5183 1504 5236 sal-

236 5281 248 5305 «
263 5263 336 5318 vatio
349 5263 526 5320 infirmorum
540 5265 673 5328 creditur,
689 5281 739 5332 per
752 5282 853 5320 omnes
866 5266 994 5321 civitates
1003 5267 1040 5320 ab
1052 5267 1194 5333 Episcopo
1208 5284 1265 5322 non
1279 5265 1473 5331 negligatur...
1490 5285 1503 5310 r
