4078 6126
902 539 1169 592 PONTlFlCALE
1194 539 1305 593 SAEC.
1334 540 1385 592 IX.

1525 655 1784 664 -——-——-——-.

614 811 646 858 2.
683 787 805 883 Super
838 785 978 858 oblatu·
1014 784 1186 882 Suscipe‚
1218 809 1460 881 quaesumus,
1502 785 1679 870 Domine,
1717 811 1784 881 pro

504 936 608 985 sacro
642 911 801 984 conubio
830 910 906 1008 (sic)
936 909 1021 1008 lege
1054 935 1188 982 munus
1217 908 1397 982 oblatum:
1428 925 1467 982 et
1494 910 1597 983 cuius
1634 908 1785 1007 largitor

504 1063 545 1110 es
573 1038 706 1134 operis,
737 1053 818 1111 esto
846 1036 1056 1133 dispositor,
1087 1061 1163 1132 per.

614 1187 647 1256 3.
678 1163 890 1259 Praefecto:
919 1162 1028 1248 Vere,
1046 1178 1114 1235 etc.
1136 1161 1211 1256 Qui
1236 1161 1386 1235 foedera
1415 1163 1623 1258 nuptiarum
1646 1161 1784 1236 blando

460 1308 474 1356 s
505 1289 722 1363 concordiae
746 1289 835 1386 iugo
863 1305 901 1361 et
922 1286 1106 1361 insolubili
1130 1287 1231 1386 pacis
1249 1285 1394 1359 vinculo
1423 1287 1601 1372 nexuisti;
1631 1304 1672 1362 ut
1698 1287 1784 1362 ado

505 1414 669 1511 ptionem
690 1410 771 1515 (sic)
800 1411 956 1486 filiorum
978 1429 1187 1486 sanctorum
1217 1412 1458 1485 conubiorum
1488 1411 1693 1487 fecunditas
1720 1440 1785 1510 pu-

504 1538 586 1613 dica
614 1555 829 1613 servaretur.
860 1539 942 1612 Tua
974 1538 1072 1612 enim
1107 1538 1270 1611 Domine
1299 1537 1539 1634 providentia,
1571 1554 1635 1612 tua
1666 1540 1784 1638 gratia

506 1680 703 1761 utrumque
721 1663 927 1760 dispensat:
949 1680 990 1736 ut
1008 1663 1110 1760 quod
1129 1663 1320 1761 generatio
1337 1662 1463 1737 mundi
1484 1664 1600 1738 edidit
1613 1665 1662 1738 ad
1680 1691 1784 1740 orna-

507 1807 595 1878 tum,
617 1791 848 1889 regeneratio
876 1790 923 1864 ad
944 1788 1131 1863 Ecclesiae
1155 1790 1332 1887 perducat
1349 1806 1608 1888 augmentum:
1630 1807 1668 1865 et
1687 1790 1781 1865 ideo.

445 1931 477 1967 10
614 1941 649 2008 4.
680 1916 726 1987 ln
746 1943 792 1988 ru
819 1917 1009 1990 acteonem:
1041 1917 1149 1989 Hanc
1178 1915 1290 2013 igitur
1316 1913 1541 1989 oblationem
1565 1915 1783 1998 famulorum

507 2060 664 2128 tuorum,
695 2068 806 2138 quam
836 2041 899 2116 tibi
919 2041 1077 2117 offerent
1103 2068 1170 2139 pro
1200 2040 1337 2115 famula
1366 2057 1429 2115 tua
1458 2041 1528 2128 illa,
1559 2068 1671 2139 quam
1700 2070 1785 2140 per-

505 2169 640 2242 ducere
668 2168 844 2267 dignatus
873 2194 913 2241 es
942 2169 989 2242 ad
1026 2185 1161 2244 statum
1198 2193 1393 2241 mensurae
1422 2169 1534 2241 etad
1562 2168 1661 2242 diem
1691 2197 1786 2267 nup-

506 2296 649 2384 tiarum,
671 2322 739 2393 pro
766 2319 841 2392 qua
861 2297 1041 2371 maiestati
1067 2314 1154 2369 tuae
1182 2292 1368 2391 supplices
1397 2289 1621 2367 effundimus
1642 2321 1781 2392 preces

507 2439 547 2496 ut
576 2423 757 2519 propitius
784 2447 867 2494 cum
897 2423 975 2496 viro
1009 2448 1077 2496 suo
1112 2420 1284 2517 copulare
1320 2419 1504 2517 digneris;
1540 2445 1781 2517 quaesumus

445 2567 476 2618 15
508 2550 680 2622 Domine.
1708 2554 1714 2562 '

615 2695 647 2766 5.
659 2675 758 2746 Aule
770 2699 880 2770 quam
894 2676 1059 2747 (lr'cnlnrs
1076 2675 1152 2746 Pax
1169 2672 1331 2758 Domini,
1348 2673 1436 2746 dicz'l
1448 2673 1643 2745 aratrorum
1657 2673 1763 2744 islam
1772 2703 1785 2745 .·

613 2799 829 2895 Propiciare‚
862 2799 1034 2883 Domine,
1067 2796 1394 2894 supplicationibus
1437 2797 1581 2882 nostris,
1617 2812 1655 2869 et
1683 2797 1786 2870 insti-

505 2925 591 2999 tutis
619 2925 702 3010 tuis,
733 2925 868 3022 quibus
896 2923 1202 3022 propagationem
1231 2923 1381 2998 humani
1410 2923 1558 3022 generis
1593 2923 1781 3010 ordinasti,

503 3049 689 3148 benignus
718 3050 874 3124 adsiste:
895 3067 935 3124 ut
952 3049 1054 3148 quod
1083 3065 1119 3122 te
1145 3066 1294 3122 auctore
1324 3049 1497 3147 iungitur,
1521 3063 1557 3121 te
1585 3047 1784 3123 auxiliante

443 3189 476 3225 ²⁰
504 3191 677 3260 servetur,
709 3201 785 3272 per.

612 3307 646 3375 6.
677 3301 900 3373 Benedz'clzo:
930 3298 1046 3384 Deus,
1077 3298 1138 3393 qui
1159 3311 1344 3393 potestate
1363 3296 1506 3372 virtutis
1536 3315 1620 3373 tuae
1653 3300 1701 3373 de
1729 3297 1784 3370 ni·

504 3425 579 3500 hilo
612 3441 743 3500 cuncta
771 3425 905 3513 fecisti;
926 3424 999 3522 qui,
1030 3422 1218 3519 dispositis
1246 3421 1491 3498 universitatis
1520 3425 1690 3512 exordiiS,
1721 3423 1783 3496 ho-

506 3552 592 3626 mini
612 3551 660 3626 ad
689 3551 887 3648 imaginem
910 3549 980 3622 Dei
1003 3549 1097 3621 facto
1127 3548 1211 3621 ideo
1230 3547 1475 3644 inseparabile
1503 3549 1665 3624 mulieris
1683 3551 1785 3624 adiu·

506 3678 638 3750 torium
666 3677 871 3762 condidisti,
902 3692 943 3748 ut
971 3674 1155 3747 foemineo
1183 3674 1325 3769 corpori
1354 3673 1401 3746 de
1420 3674 1509 3748 virili
1539 3676 1647 3750 dares
1674 3701 1783 3750 carne

648 3963 674 4012 5.
695 3945 779 4012 iugo:
800 3963 877 4001 corr.
898 3964 924 4000 1.
945 3963 1001 4000 ruo.
1022 3963 1061 4000 ea·
1078 3945 1192 4012 jugum.
1216 3973 1249 3984 -
1270 3949 1297 4000 6.
1319 3945 1491 4000 fecunditas:
1515 3962 1592 4000 corr.
1612 3961 1652 4000 ex
1671 3945 1784 4000 faecun-

577 4027 660 4082 ditas.
680 4059 715 4069 -
735 4041 777 4082 21.
798 4035 952 4094 potestate:
967 4031 1036 4096 post
1052 4044 1078 4080 2.
1098 4043 1114 4080 e
1134 4024 1228 4079 ndras.
1250 4042 1289 4080 m.

510 4285 527 4318 «
539 4261 590 4324 cui
607 4261 823 4323 benedicimus
835 4283 866 4334 »;
885 4262 969 4323 unde
986 4275 1154 4342 exurgeret
1169 4273 1261 4324 vetus
1277 4263 1445 4343 disciplina
1460 4263 1669 4334 ambrosiana,
1688 4285 1783 4344 quam

506 4361 694 4422 confirmant
717 4369 763 4420 tot
786 4359 910 4421 codices
940 4361 1141 4433 ambrosiani,
1168 4361 1199 4422 in
1223 4361 1340 4442 quibus
1374 4362 1573 4424 desideratur
1605 4361 1785 4424 benedictio

507 4457 665 4539 nuptialis,
690 4457 828 4538 sequiori
852 4469 962 4528 aetate,
989 4459 1034 4520 uti
1059 4480 1155 4538 supra
1184 4459 1301 4532 notavi,
1326 4481 1344 4522 a
1368 4461 1567 4539 Gregoriano
1591 4460 1708 4540 passim
1732 4461 1784 4522 de·

506 4569 641 4637 sumpta,
666 4567 698 4618 et
719 4556 825 4617 adhuc
856 4556 887 4617 in
912 4557 1106 4619 editionibus
1129 4557 1244 4638 typicis
1268 4558 1405 4621 Ritualis
1428 4570 1460 4621 et
1489 4559 1627 4622 Missalis
1651 4559 1785 4620 Ambro

506 4655 583 4717 siani
610 4655 689 4716 ritus
711 4664 843 4726 servata,
868 4677 886 4716 a
911 4655 1009 4716 Missa
1032 4656 1163 4717 omnino
1193 4656 1359 4718 disiuncta.

554 4773 581 4814 2.
607 4753 686 4814 Ord.
712 4755 804 4814 Rom.
835 4772 905 4832 177,
932 4753 1028 4814 Leon.
1054 4759 1128 4832 446,
1155 4756 1237 4816 Mur.
1266 4775 1339 4834 244,
1365 4755 1460 4818 Gerb.
1486 4776 1538 4835 45.

553 4871 581 4928 3.
606 4851 675 4912 Gel.
702 4869 761 4928 721
789 4854 890 4929 (265),
917 4852 1001 4914 Men.
1030 4858 1101 4930 263,
1128 4853 1211 4915 Mur.
1238 4874 1310 4932 245,
1336 4854 1432 4919 Gerb.
1457 4875 1509 4933 45,
1535 4856 1627 4916 Mart.
1653 4853 1731 4915 Ord.
1759 4855 1781 4918 l.

552 4971 582 5026 4.
607 4949 686 5010 Ord.
712 4950 804 5010 Rom.
834 4969 904 5029 177,
931 4950 1014 5011 Mur.
1041 4970 1114 5029 245,
1139 4952 1236 5013 Gerb.
1262 4972 1313 5031 45.

554 5065 582 5124 5.
608 5047 686 5108 Ord.
712 5047 805 5108 Rom.
833 5067 903 5126 177,
929 5049 1012 5110 Mur.
1040 5069 1111 5127 245,
1137 5049 1233 5112 Gerb.
1259 5070 1311 5129 45,
1338 5053 1431 5113 Mart.
1457 5053 1535 5114 Ord.
1562 5052 1618 5114 lll.

553 5151 582 5208 6.
608 5145 686 5208 Ord.
712 5147 805 5207 Rom.
835 5165 904 5225 177,
931 5148 1013 5208 Mur.
1041 5167 1112 5226 245,
1137 5148 1232 5209 Gerb.
1259 5168 1310 5228 45,
1337 5151 1428 5212 Mart.
1454 5150 1533 5212 Ord.
1559 5149 1616 5213 111.
