4084 6128
526 529 636 584 ORDO
656 529 712 582 AD
734 527 955 582 ECCLESIAM
978 524 1247 579 DEDICANDAM
1512 535 1525 586 7

831 641 958 650 ...κω-
964 641 1092 648 ----
1100 635 1524 648 ———.--..-----.-—·--

246 803 346 852 omne
378 776 628 874 pavimentum
668 774 876 871 spargendo
916 798 997 846 cum
1037 770 1236 868 antiphona
1278 795 1357 843 cum
1400 793 1529 842 versu:

250 905 396 980 Domus
424 926 509 976 mea
536 900 670 975 domus
698 900 875 975 orationis
903 897 1103 972 vocabitur.

356 1029 526 1104 Narrabo
549 1052 685 1102 nomen
705 1043 809 1101 tuum
829 1025 1000 1101 fratribus
1019 1024 1130 1098 meis:
1155 1024 1191 1096 in
1212 1021 1335 1096 medio
1353 1020 1530 1096 ecclesiae

248 1157 408 1233 laudabo
437 1171 491 1240 te;
520 1180 601 1227 cum
630 1152 758 1228 Gloria
787 1151 883 1226 Patri
913 1166 951 1225 et
979 1148 1084 1223 Filio.

361 1301 417 1375 15.
448 1281 502 1354 Et
527 1280 668 1354 sentens
694 1280 733 1352 z'n
760 1277 875 1350 nucleo
902 1275 1062 1349 ecclessiae
1089 1273 1187 1346 dicat
1212 1273 1351 1346 excelsa
1378 1297 1475 1346 voce:
1580 1304 1594 1354 5

356 1401 528 1482 Oremus.
546 1406 600 1478 Et
616 1404 788 1478 diaconus
805 1411 1000 1500 utsupra:
1021 1398 1230 1474 Flectamus
1248 1423 1384 1497 genua.
1403 1397 1532 1472 Postea

248 1535 362 1608 dicat:
394 1532 544 1607 Levate.
575 1531 630 1604 Et
655 1530 753 1604 debat
770 1529 964 1627 pontefex.-

357 1659 473 1746 Deus,
504 1658 568 1756 qui
596 1656 678 1732 loca
709 1656 848 1730 nomini
878 1671 942 1730 tuo
971 1654 1092 1729 dicata
1129 1651 1351 1739 sanctificas,
1383 1651 1532 1727 effunde

250 1811 363 1884 super
389 1785 484 1859 hanc
512 1783 689 1858 orationis
717 1782 869 1857 domum
888 1782 1045 1880 gratiam
1075 1799 1194 1856 tuam:
1225 1797 1266 1854 ut
1292 1781 1340 1855 ab
1360 1779 1533 1854 omnibus

249 1913 309 1987 hic
323 1911 577 1988 invocantibus
596 1925 643 1996 te,
660 1909 836 1985 auxilium
856 1925 941 1984 tuae
958 1908 1228 1984 misericordiae
1242 1908 1432 1993 sentiatur,
1454 1931 1530 2003 per.
1566 1931 1598 1970 ιο

364 2045 421 2113 16.
453 2037 596 2113 lterum
623 2037 721 2110 debat
747 2035 888 2110 excelsa
916 2061 1012 2109 voce:

359 2163 531 2239 Oremus.
562 2162 616 2235 Et
642 2162 815 2235 dzizcorrus
844 2170 1041 2259 utsupra.

360 2291 465 2364 Deus
500 2287 854 2374 sanctificationum,
899 2289 1137 2385 omnipotens
1165 2287 1391 2375 dominator,
1431 2289 1535 2362 cuius

251 2417 371 2515 pietas
399 2415 479 2490 sine
508 2415 583 2490 fine
601 2416 772 2490 sentitur:
804 2414 911 2488 Deus
930 2414 992 2511 qui
1016 2413 1190 2489 caelestia
1207 2412 1315 2488 simul
1335 2432 1373 2491 et
1391 2431 1536 2490 terrena

251 2542 518 2641 complecteris,-
553 2566 705 2616 servans
747 2540 1035 2615 misericordiam
1065 2556 1166 2615 tuam
1202 2538 1342 2638 populo
1370 2557 1435 2615 tuo
1462 2564 1538 2616 am·
1570 2571 1600 2624 ts

255 2667 396 2744 bulanti
415 2685 502 2742 ante
517 2683 755 2765 conspectum
771 2665 912 2765 gloriae
931 2683 1027 2752 tuae,
1050 2667 1183 2742 exaudi
1204 2693 1333 2765 preces
1348 2657 1536 2742 servorum

256 2813 421 2883 tuorum;
452 2812 493 2868 ut
520 2795 594 2869 sint
612 2793 707 2868 oculi
737 2794 788 2868 tui
817 2794 934 2891 aperti
959 2819 1072 2890 super
1098 2793 1250 2868 domum
1280 2795 1388 2868 istam
1416 2794 1476 2870 die
1495 2819 1537 2870 ac

258 2938 375 3008 nocte,
405 2919 575 3018 hancque
602 2919 789 2994 basilicam
820 2919 856 2993 in
885 2918 1026 2993 honore
1054 2921 1170 2994 sancti
1200 2919 1295 2995 illius
1323 2921 1436 2996 sacris
1464 2947 1540 3018 my-

258 3048 378 3124 steriis
409 3047 613 3122 institutam
641 3046 950 3122 clementissimus
980 3045 1127 3132 dedica,
1158 3047 1353 3122 miseratus
1381 3047 1535 3134 illustra,

259 3174 407 3272 proprio
435 3173 633 3271 splendore
661 3171 826 3258 clarifica,
859 3197 1085 3270 omnemque
1112 3171 1300 3248 hominem
1327 3173 1538 3248 venientem
1568 3209 1602 3248 ιο

259 3300 412 3376 adorare
442 3303 478 3375 in
506 3300 603 3374 hunc
631 3298 752 3374 locum
782 3297 947 3398 placatus
975 3299 1140 3386 admitte,
1175 3299 1356 3398 propitius
1384 3299 1539 3399 dignare

261 3427 451 3524 respicere,
473 3443 511 3501 et
529 3442 680 3523 propter
702 3450 838 3499 nomen
863 3440 967 3499 tuum
996 3450 1174 3523 magnum
1193 3425 1286 3498 etin
1316 3451 1427 3502 manu
1456 3423 1539 3499 sorti

261 3570 300 3628 et
331 3553 482 3629 brachio
509 3551 675 3638 excelso,
714 3553 751 3626 in
787 3550 857 3626 boc
893 3550 1102 3626 habitaculo
1135 3549 1385 3649 supplicantes
1421 3551 1540 3626 libens

263 3696 429 3779 protege,
453 3679 653 3778 dignanter
679 3677 825 3764 exaudi,
848 3694 1000 3752 aeterna
1027 3677 1245 3753 defensione
1274 3703 1470 3753 conserva:
1500 3695 1542 3752 ut

263 3833 409 3905 semper
436 3805 577 3891 felices,
608 3821 847 3904 semper.tua
881 3801 1060 3904 religione
1098 3803 1289 3894 laetantes,
1329 3821 1542 3880 constanter
1570 3845 1603 3896 25

264 3933 300 4005 in
336 3950 484 4007 sanctae
512 3931 702 4005 'l'rinitatis
743 3931 817 4006 fide
858 3931 1037 4006 catholica
1078 3949 1327 4030 perseverent.
1365 3957 1432 4030 per
1465 3933 1541 4006 Do·

266 4057 413 4131 minum.
430 4055 467 4156 *l

408 4306 449 4356 ¹5-
470 4291 681 4358 complecteris:
697 4306 776 4344 corr,
789 4308 830 4345 ex
841 4292 1039 4358 conplecteris.
1057 4323 1085 4330 -
1105 4297 1146 4346 18.
1168 4292 1196 4346 in
1216 4293 1339 4346 honore:
1361 4291 1541 4346 inhonorem

334 4371 582 4424 victoriosissimae
592 4371 693 4432 crucis,
705 4370 763 4424 sel.
776 4373 799 4424 C
804 4413 810 4424 ,
823 4401 856 4412 -
869 4387 912 4426 21.
928 4373 1005 4426 hunc
1018 4374 1128 4430 locum:
1143 4377 1284 4442 uterqueu
1297 4373 1326 4426 in
1339 4389 1445 4427 rasura
1457 4371 1501 4426 tir.
1513 4389 1541 4426 o.

335 4481 365 4490 -
379 4467 422 4506 22.
436 4461 465 4505 et
478 4452 522 4505 in:
535 4461 565 4505 et
574 4469 601 4505 1.
615 4467 672 4505 mo.
683 4453 734 4505 sed
744 4451 839 4506 aoros.
854 4481 883 4493 -
897 4453 925 4507 in
937 4453 1098 4508 manuforti
1112 4463 1141 4506 et
1155 4453 1273 4508 brachio
1282 4454 1409 4506 excelso:
1426 4467 1542 4506 nonum

336 4531 446 4592 fortem,
459 4541 489 4586 et
502 4531 649 4586 brachium
662 4533 819 4586 excelsum.
833 4535 867 4586 C.
886 4563 910 4573 -
931 4549 975 4599 25·
996 4551 1110 4602 semper
1123 4545 1186 4588 tua:
1207 4551 1378 4602 semperque
1392 4533 1420 4588 iu
1434 4543 1493 4588 tua.
1508 4533 1541 4588 C.

268 4736 464 4894 Ogiplord.
494 4737 586 4797 Rom.
616 4755 686 4814 145,
712 4737 794 4798 Mur.
820 4743 895 4814 476,
920 4737 989 4800 Gel.
1016 4745 1080 4815 609
1103 4743 1205 4816 (133),
1233 4739 1316 4800 llen.
1348 4745 1418 4816 148,
1446 4737 1538 4800 llart.

336 4881 344 4894 .
386 4834 460 4906 ,ll,
487 4835 544 4896 lll.

314 4937 362 4994 ι6.
386 4933 465 4994 Ord.
491 4935 583 4995 Rom.
613 4954 683 5012 ¹45,
710 4936 792 4997 Mur.
817 4955 892 5014 477,
914 4935 984 4998 Gel.
1009 4942 1073 5012 609
1097 4937 1200 5012 (133),
1226 4935 1311 4998 Men.
1340 4955 1412 5014 149,
1449 4937 1541 5000 Mart.

268 5027 344 5092 Ord.
363 5031 446 5098 1.11.
465 5032 522 5092 lll.
568 5029 602 5110 *)
614 5033 695 5095 Cum
713 5034 763 5096 his
785 5047 818 5097 et
839 5035 1046 5115 sequentibus
1068 5033 1364 5114 oonvenitmystios
1385 5035 1543 5116 expositio

269 5126 300 5190 in
323 5129 368 5191 E:
384 5155 400 5186 e
418 5131 480 5192 llis
498 5132 633 5212 peractis
647 5134 910 5213 (aspersionibus)
927 5133 1067 5214 pontifex
1091 5153 1125 5194 se
1148 5133 1189 5196 ad
1212 5133 1388 5196 orationem
1412 5135 1543 5202 confert.
