4084 6128
771 523 1050 582 INTR‘ODL'CTIO
1513 541 1551 580 xv

273 643 571 652 ——-—-—-—---
614 645 662 650 --
689 646 737 652 —-

276 771 448 868 Liturgici
478 769 637 843 eduntur
659 769 716 842 vel
745 785 888 842 veteres
918 770 1022 842 novis
1050 772 1145 843 curis
1173 769 1418 867 expoliuntur,
1450 796 1551 868 prae-

272 898 396 971 sertim
425 897 461 968 in
490 895 638 992 Angfin,
660 911 698 968 et
725 893 842 969 laetor
860 895 962 992 quod
987 913 1090 969 tanto
1113 896 1244 970 ardore
1265 896 1547 994 investigentur.

275 1022 426 1095 L'tinam
461 1019 551 1094 haec
585 1021 707 1094 studia
748 1021 869 1117 posita
907 1021 946 1093 in
990 1020 1177 1095 Ecclesiae
1213 1023 1405 1095 universae
1440 1022 1549 1094 docu-

272 1147 406 1244 mentis
441 1146 638 1230 veteribus
677 1172 773 1242 quae
808 1146 984 1244 pleraque
1022 1148 1133 1220 etiam
1168 1173 1264 1220 nunc
1298 1173 1367 1220 usu
1402 1146 1550 1245 publico

271 1272 541 1356 continuantur,
571 1271 619 1343 ad
648 1272 826 1345 unitatem
861 1271 957 1344 illam
993 1273 1207 1368 perducant,
1239 1299 1350 1370 quam
1380 1273 1460 1369 ipsa
1489 1273 1549 1346 de·

273 1413 488 1482 monstrant,
520 1397 735 1492 praesertim
771 1397 807 1470 in
842 1398 1007 1493 partibus
1041 1425 1137 1494 quae
1174 1398 1222 1471 ad
1256 1398 1394 1471 Altaris
1423 1398 1551 1472 Sacra-

272 1539 437 1596 mentum
471 1522 639 1607 attinent,
678 1523 779 1618 quod
814 1522 984 1597 Salvator
1022 1541 1147 1596 noster
1183 1549 1266 1596 esse
1301 1521 1416 1595 voluit
1450 1549 1549 1618 sym-

270 1647 395 1721 bolum
424 1648 533 1721 unius
562 1645 657 1720 illius
685 1650 859 1745 corporis,
891 1651 995 1723 cuius
1024 1652 1103 1747 ipse
1132 1665 1243 1745 caput
1262 1648 1394 1733 existit,
1416 1648 1550 1745 cuique

273 1800 352 1859 n05,
383 1789 572 1870 tamquam
609 1774 784 1860 membra,
815 1776 1018 1849 arctissima
1046 1775 1142 1862 fidei,
1175 1775 1265 1871 spei,
1298 1789 1336 1847 et
1363 1773 1550 1847 charitatis

271 1898 500 1972 connexione
528 1897 696 1973 astrictos
715 1925 798 2004 esse
826 1899 951 1986 voluit,
981 1918 1022 1974 ut
1050 1901 1087 1974 id
1116 1902 1235 1997 ipsum
1264 1924 1395 1972 omnes
1415 1897 1550 1972 dicere-

273 2049 364 2108 mus,
388 2025 468 2096 Nec
496 2041 623 2098 essent
651 2025 687 2097 in
718 2026 824 2098 nobis
853 2025 1060 2100 schismata.

379 2149 488 2222 Hanc
507 2151 685 2224 unitatem
702 2150 871 2224 Christus
890 2169 976 2248 post
993 2177 1148 2225 coenam
1163 2151 1210 2225 ad
1231 2167 1386 2223 mortem
1408 2152 1549 2226 vadens

273 2289 346 2346 tam
374 2265 527 2348 enixea
556 2275 664 2349 Patre
692 2277 850 2374 rogavit!

740 2656 823 2728 Sac.
855 2654 941 2726 Obl.
973 2655 1169 2728 Antonius
1199 2657 1251 2729 M.
1283 2655 1440 2728 ctum

684 2800 895 2896 Praefectus
928 2799 1168 2873 Bt'blcotleecae
1201 2801 1479 2874 Ambrosz'anae.
