4078 6126
575 501 698 554 allae
720 497 1041 554 BENEDICTIONES
1060 494 1253 550 OLEORUlll
1506 505 1556 555 109

448 835 609 908 ALIAE
640 834 1074 909 BENEDlCTlONES
1113 830 1380 904 OLEORUM

348 961 464 1034 PRO
508 959 988 1034 CATECHUMENIS
1032 958 1146 1031 SEU
1193 955 1489 1029 lNl⁴'lRllllS.

280 1137 365 1238 (Ex
392 1141 544 1214 Riiuoli
559 1139 742 1221 Aoebros„
764 1138 837 1211 cod.
867 1163 955 1211 saec.
980 1137 1095 1220 XIV,
1124 1137 1219 1210 Bibl.
1253 1135 1369 1233 Copil.
1398 1137 1557 1234 Melrop.

386 1269 482 1362 sigo
516 1267 565 1341 Η.
597 1266 675 1362 62.)

393 1419 423 1468 1.
459 1392 574 1490 ‹llol
611 1395 657 1490 1.)
688 1392 823 1488 Incipit
840 1387 929 1464 ordo
956 1390 1011 1462 ad
1024 1389 1307 1462 coilrecumeimm
1324 1389 1561 1484 faciendum:
1608 1409 1623 1458 5

280 1519 419 1592 benedic
436 1520 550 1592 oleum
570 1517 715 1590 dicendo
732 1521 801 1590 sie:
822 1517 939 1600 Deus,
962 1515 997 1588 in
1019 1514 1241 1588 adiutorium
1262 1539 1385 1588 meum
1409 1514 1561 1590 intende

281 1663 350 1718 etc.
381 1643 510 1718 Gloria
528 1643 663 1717 Patri...
686 1643 790 1716 Sicut
808 1657 924 1715 erat...
945 1638 1115 1713 Alleluia.
1144 1640 1274 1713 Oratio
1292 1641 1350 1713 vel
1374 1640 1561 1714 benedictio

280 1771 358 1844 olei.
388 1770 566 1844 Exorcizo
593 1785 630 1842 te
657 1785 824 1842 creatura
842 1766 913 1841 olei
934 1791 1001 1863 per
1023 1766 1159 1850 Deum,
1190 1782 1272 1852 etc,
1302 1775 1346 1840 nt
1366 1768 1405 1840 in
1430 1767 1508 1841 Gel.
1523 1764 1560 1856 *l

396 1896 506 1996 ‹(lol.
529 1897 602 1984 12.)
633 1895 768 1991 arciori
790 1893 977 1967 benedictio
994 1893 1066 1965 olei
1078 1892 1128 1988 (id
1148 1909 1207 1966 est
1225 1893 1409 1967 Extremo
1429 1895 1560 1988 concito)

282 2025 487 2098 Benedictio
514 2023 598 2096 olei:
627 2024 733 2095 Deus
762 2020 799 2092 in
827 2019 1060 2094 adiutorium.
1088 2018 1250 2092 Domine
1277 2035 1345 2092 etc.
1377 2019 1555 2094 Gloria.»
1593 2045 1625 2082 10

393 2175 426 2223 2.
450 2149 614 2223 Aeterne
642 2148 878 2245 omnipotens
900 2147 1016 2232 Deus,
1037 2170 1231 2242 precamur
1249 2145 1434 2243 supplices
1453 2147 1564 2221 subli-

283 2303 380 2351 mem
408 2275 654 2361 clementiam,
678 2291 718 2348 ut
737 2273 831 2348 hanc
853 2289 1057 2347 creaturam
1086 2272 1157 2346 olei
1173 2272 1430 2366 †benedicere
1443 2274 1467 2370 i
1481 2300 1564 2348 san·

283 2403 440 2476 ctificare
467 2401 648 2499 digneris;
678 2417 718 2474 ut
741 2401 884 2475 mittere
913 2401 1042 2474 iubeas
1071 2399 1249 2497 Spiritum
1277 2415 1381 2472 tuum
1410 2399 1564 2496 paracli-

284 2545 372 2614 tum,
403 2527 465 2625 qui
496 2527 649 2625 replevit
676 2528 804 2601 orbem
827 2543 1015 2612 terrarum,
1042 2551 1155 2624 super
1172 2525 1266 2600 hanc
1295 2527 1561 2625 pinguedinem

285 2679 395 2752 quam
424 2654 473 2728 de
495 2653 599 2725 viridi
619 2651 722 2750 ligno
751 2651 865 2726 fluere
893 2653 1129 2748 praecepisti:
1151 2667 1191 2726 ut
1210 2653 1239 2725 si
1264 2652 1348 2750 quis
1367 2677 1413 2725 ex
1431 2677 1478 2726 eo
1498 2679 1562 2727 un·
1593 2679 1624 2730 15

285 2798 365 2853 ctus
394 2779 503 2852 luerit
529 2777 586 2852 vel
614 2779 829 2876 gustaverit,
860 2778 907 2853 sit
935 2778 968 2852 ei
997 2778 1143 2852 animae
1171 2793 1284 2875 atque
1315 2779 1479 2875 corporis
1507 2778 1562 2851 fir·

286 2921 524 2978 mamentum.
557 2903 732 3001 Depellat
750 2903 972 2978 valitudines
991 2901 1117 2988 malaS,
1139 2903 1275 2978 diaboli
1296 2920 1563 3000 temptamenta

431 3185 472 3225 ro.
493 3177 548 3226 etc.
569 3168 683 3224 Gloria:
703 3185 780 3224 corr.
801 3185 857 3224 ex:
875 3185 911 3222 oe
929 3167 1064 3235 gloriose.

286 3417 344 3480 col.
373 3419 449 3495 207)
472 3425 595 3478 constat
610 3415 788 3477 communis
805 3415 963 3478 Ecclesiae
979 3414 1146 3496 disciplina
1169 3414 1380 3478 distribuendi
1396 3416 1474 3490 olea,
1500 3439 1564 3480 non

287 3515 421 3596 singulis
437 3513 629 3594 presbyteris
645 3513 790 3594 regimini
808 3515 1024 3594 paroeciarum
1048 3514 1200 3576 ruralium
1225 3515 1493 3595 praepositissa}
1511 3518 1566 3579 ali·

288 3615 404 3694 quibus
422 3623 560 3684 tantum,
585 3612 639 3692 qui
663 3613 734 3674 aliis
750 3633 807 3674 sua
823 3613 891 3675 vice
907 3613 1147 3676 distribuerent:
1165 3613 1196 3674 in
1215 3614 1360 3676 Dioecesi
1378 3626 1485 3677 nostra
1497 3616 1563 3696 jam

288 3733 365 3774 saec.
391 3711 454 3772 Xll
473 3711 533 3773 hoc
549 3710 733 3772 mandatum
750 3723 818 3773 erat
833 3711 1020 3792 praepositis
1045 3710 1195 3791 plebium,
1214 3722 1249 3773 ut
1264 3725 1387 3776 constat
1402 3734 1441 3776 ex
1456 3715 1565 3776 charta

288 3832 338 3872 an.
368 3817 460 3888 1183,
485 3809 571 3889 apud
601 3811 738 3880 Ginlini,
764 3811 862 3875 Mem.
879 3812 915 3872 di
932 3812 1066 3875 Milone.
1091 3820 1167 3871 tom.
1185 3810 1241 3882 Vl,
1259 3831 1288 3891 p.
1307 3818 1381 3890 446,
1406 3811 1460 3873 ubi
1485 3813 1567 3875 inter

288 3909 349 3970 alia
365 3909 442 3970 haec
458 3908 622 3988 leguntur:
639 3932 656 3964 «
669 3907 834 3988 Capitanei
851 3909 892 3970 de
909 3908 1093 3970 Castillione
1109 3907 1208 3970 libere
1223 3929 1316 3990 quem
1332 3909 1430 3972 velint
1445 3911 1567 3992 eligant

293 4031 309 4062 «
325 4007 551 4068 sacerdotem...
568 4005 634 4086 qui,
651 4017 780 4086 accepto
798 4006 945 4069 crismate
960 4029 978 4069 a
996 4007 1097 4087 plebe,
1122 4007 1304 4087 baptizet.»
1326 4009 1361 4070 ln
1386 4020 1492 4072 nostra
1510 4009 1567 4072 Ec-

290 4104 383 4167 clesia
406 4103 550 4167 custodia
568 4115 599 4166 et
622 4104 805 4166 distributio
828 4127 987 4168 sacrorum
1012 4104 1155 4167 oleorum
1178 4106 1284 4168 adhuc
1299 4107 1340 4169 ad
1364 4108 1504 4170 notarios
1520 4129 1566 4170 ec-

290 4203 402 4266 clesiae
422 4202 686 4283 Metropolitanae
701 4214 831 4283 spectat,
849 4205 894 4265 uti
912 4205 1021 4266 videre
1044 4215 1091 4265 est
1115 4203 1146 4264 in
1175 4205 1408 4268 caeremoniali
1420 4208 1565 4268 Ambros.

298 4303 391 4364 Cord.
418 4303 454 4363 F.
479 4303 674 4374 Borromoei,
699 4301 774 4364 edit.
799 4325 849 4365 an.
879 4309 971 4380 1619,
997 4323 1027 4383 p.
1057 4309 1117 4380 148
1141 4313 1172 4364 et
1195 4324 1293 4384 seqq..
1318 4325 1386 4384 cap.
1411 4307 1462 4366 De
1484 4313 1568 4366 nola·

293 4404 352 4462 riis
372 4402 528 4480 acolythis.

343 4521 367 4561 1.
385 4499 454 4561 Gel.
473 4518 534 4577 597
554 4495 654 4584 (118),
681 4498 783 4561 Leolr.
810 4499 899 4565 Miss.
925 4519 996 4578 259,
1021 4501 1118 4568 Gerb.
1144 4520 1194 4580 74.
1242 4497 1274 4586 >l)
1292 4501 1411 4563 Eadem
1436 4502 1568 4564 recurrit

293 4598 323 4660 in
342 4597 524 4660 Ritualibus
540 4597 687 4659 Ambros.
705 4597 809 4670 editis,
828 4619 941 4679 nempe
957 4599 1032 4661 edit.
1051 4599 1091 4670 Il,
1109 4619 1188 4662 saec.
1206 4599 1267 4659 XV
1280 4599 1413 4670 labente,
1433 4599 1484 4662 sol.
1501 4622 1522 4663 o
1538 4621 1565 4673 2,

293 4697 351 4758 sub
374 4697 475 4758 rubr:
504 4719 521 4752 «
537 4697 578 4757 Si
599 4717 659 4757 non
675 4697 768 4758 habes
782 4700 882 4759 oleum
906 4699 946 4758 ab
968 4700 1108 4778 episcopo
1125 4705 1341 4770 consecratum,
1358 4719 1453 4760 causo
1472 4720 1569 4760 neces·

291 4797 400 4866 sileret,
419 4798 517 4876 pn'os
539 4795 662 4856 beeredic
676 4797 778 4857 oleum
786 4803 850 4876 per
870 4797 925 4857 hoc
947 4800 1166 4867 exorcismum,
1190 4798 1235 4856 sic
1256 4797 1398 4858 dicendo:
1419 4799 1510 4859 Dens
1533 4801 1567 4858 in

292 4895 492 4967 odr'utom'um,
517 4905 574 4954 etc.
592 4917 609 4951 »
627 4904 659 4955 et
675 4891 706 4954 in
725 4893 776 4958 ed.
792 4914 820 4955 a.
843 4899 925 4972 1560
943 4893 994 4956 sol.
1016 4895 1056 4967 8',
1076 4894 1136 4956 sub
1152 4893 1247 4955 simili
1265 4893 1399 4956 rubrica.
1418 4896 1499 4957 Heic
1515 4917 1569 4957 no

293 5003 358 5053 tare
380 4992 525 5062 occurrit,
551 4991 687 5052 eundem
711 4992 920 5054 exorcismum
941 4992 1085 5054 adbiberi
1110 4992 1141 5052 in
1166 4990 1270 5054 Gelas.
1296 4992 1336 5054 ad
1360 4993 1465 5056 oleum
1489 5005 1570 5056 cate·

294 5091 531 5158 chumenorum,
557 5089 588 5150 in
613 5089 692 5151 Ord.
715 5090 806 5153 Rom.
832 5113 907 5152 vero
930 5092 970 5152 ad
995 5091 1141 5152 chrisma.
