4084 6128
453 541 563 592 ORDO
585 540 637 592 DE
656 538 795 591 SACRIS
815 536 1037 589 ORDINIBUS
1058 533 1355 587 BENEDICENDIS
1508 545 1541 596 47

266 786 365 860 tioris
399 785 507 858 officii
545 800 775 858 sacramenta
810 782 1051 856 ministerium
1081 781 1266 854 sufficeret
1294 779 1540 854 sacerdotum.

267 911 347 985 Hac
376 910 616 1008 providentia,
649 910 822 996 Domine,
854 907 1033 1006 apostolis
1063 906 1143 980 Filii
1168 908 1219 981 tui
1248 906 1419 980 doctores
1456 905 1542 978 fidei

264 1037 416 1110 comites
444 1035 627 1119 addidisti,
659 1035 793 1132 quibus
822 1034 870 1108 illi
900 1033 1028 1108 orbem
1058 1049 1177 1106 totum
1206 1031 1377 1106 secundis
1403 1030 1541 1128 praedi·

264 1163 448 1236 catoribus
467 1159 734 1258 impleverunt:
756 1176 983 1259 quapropter
1001 1158 1199 1232 infirmitati
1215 1183 1366 1256 quoque
1382 1175 1540 1243 nostrae,

267 1289 438 1374 Domine,
474 1287 565 1362 haec
593 1287 807 1362 adiumenta
834 1286 989 1386 largire;
1020 1287 1083 1385 qui
1118 1301 1258 1383 quanto
1288 1285 1407 1382 magis
1437 1284 1543 1382 fragi-

263 1413 371 1488 liores
400 1440 538 1500 sumus,
570 1431 673 1520 tanto
693 1414 749 1487 his
770 1413 935 1510 pluribus
956 1413 1178 1510 indigemus.
1206 1412 1276 1496 Da,
1300 1435 1539 1507 quaesumus,

267 1541 384 1624 Pater,
417 1541 453 1613 in
482 1539 649 1640 hunrlos]
680 1539 927 1640 lamulumlos]
964 1537 1138 1638 tuumlos]
1175 1536 1391 1634 presbyterii
1425 1537 1545 1635 digni-

265 1682 377 1740 tatem
396 1695 403 1752 ;
435 1666 570 1740 innova
597 1667 633 1746 in
661 1667 862 1739 visceribus
882 1664 1100 1765 eiuslorum]
1123 1664 1290 1760 spiritum
1313 1664 1541 1739 sanctitatis:

264 1809 455 1890 acceptum
484 1817 506 1865 a
541 1807 587 1878 te,
628 1792 743 1878 Deus,
783 1792 935 1866 secundi
974 1791 1092 1864 meriti
1126 1815 1261 1863 munus
1299 1789 1541 1891 optinealnlt;

265 1943 533 2016 censuramque
553 1943 695 1991 morum
711 1918 882 2015 exemplo
897 1943 988 1991 suae
1003 1915 1293 1990 conversationis
1310 1913 1542 2018 insinueln]t.
1577 1949 1609 1985 ιο

266 2039 383 2145 Silnlt
423 2042 643 2144 providusli]
679 2041 968 2143 cooperatorles]
1008 2042 1147 2116 ordinis
1184 2042 1324 2126 nostri;
1357 2058 1395 2114 et
1425 2041 1575 2116 luceat

266 2171 301 2243 in
330 2166 439 2270 eolisll
470 2171 582 2243 totius
612 2169 728 2244 lorma
757 2170 926 2254 iustitiae,
958 2186 999 2241 ut
1026 2168 1162 2242 bonam
1192 2167 1371 2240 rationem
1399 2168 1545 2266 dispen-

266 2295 417 2369 sationis
436 2294 505 2368 sibi
526 2294 686 2369 creditae
706 2291 958 2394 reddituruslil
991 2311 1164 2366 aeternae
1183 2291 1421 2366 beatitudinis
1443 2320 1546 2391 prae·

266 2426 339 2499 mia
366 2438 650 2520 consequantur,
681 2448 756 2519 per.
774 2419 833 2513 *ll

376 2573 435 2641 31.
475 2549 739 2621 consummata
759 2547 996 2644 presbyterii:
1577 2587 1607 2637 15

373 2675 431 2748 Sit
459 2674 575 2759 nobis,
608 2674 747 2758 tratres,
779 2674 984 2746 communis
1012 2673 1146 2758 oratio;
1177 2690 1218 2747 ut
1236 2673 1272 2746 hi
1301 2677 1364 2771 qui
1386 2676 1420 2748 in
1441 2675 1547 2749 adiu-

268 2801 399 2874 torium
428 2817 465 2875 et
492 2799 684 2874 utilitatem
713 2815 858 2873 vestrae
887 2797 1015 2872 salutis
1053 2796 1296 2902 eligilunltur,
1328 2801 1543 2897 presbyterii

267 2927 572 3010 benedictionem,
595 2925 741 2998 divinae
762 2924 1014 3023 indulgentiae
1035 2950 1197 3011 munere,
1219 2924 1543 3028 consequalnltur:

267 3069 307 3126 ut
334 3053 449 3127 sancti
478 3053 636 3149 Spiritus
665 3050 905 3124 sacerdotalia
933 3052 1032 3125 dona
1061 3050 1253 3149 privilegio
1282 3053 1466 3137 virtutum,
1499 3078 1545 3128 ne

268 3177 449 3278 imparles]
479 3177 561 3251 loco
588 3173 954 3278 deprehendalnltur,
986 3174 1222 3278 obtineal'nlt.
1390 3249 1395 3260 ,
1576 3225 1609 3260 20

379 3327 439 3395 32.
464 3304 555 3376 llem
583 3302 790 3376 berzedr'clro:

377 3432 491 3515 DeuS,
523 3427 851 3502 sanctificationum
880 3427 1045 3500 omnium
1066 3443 1203 3512 auctor,
1225 3429 1328 3501 cuius
1358 3453 1443 3500 vera
1462 3454 1545 3500 con-

411 3693 436 3730 2.
457 3678 537 3729 Hac:
556 3693 582 3729 J.
598 3693 654 3729 ma.
676 3676 735 3740 Ac;
756 3691 812 3728 ma.
822 3678 930 3741 poster.
945 3677 1036 3742 suppl.
1053 3676 1091 3728 H.
1108 3705 1141 3712 -
1156 3674 1296 3728 Domine:
1313 3673 1447 3736 Domine,
1460 3691 1547 3742 quae-

339 3773 447 3811 sumus.
462 3758 496 3810 C.
516 3787 551 3794 -
571 3771 596 3820 5.
618 3755 724 3823 magis:
753 3773 809 3808 om.
843 3757 871 3808 C.
900 3785 933 3796 -
954 3769 979 3819 7.
1003 3757 1100 3809 Pater:
1129 3755 1313 3823 omnipotens
1343 3757 1432 3808 Deua.
1459 3757 1491 3810 C.
1513 3787 1546 3794 -

340 3848 419 3892 tuum
431 3855 438 3891 ι
452 3846 518 3892 tuos
538 3838 590 3890 N.:
607 3837 640 3890 C.
655 3867 688 3875 —
703 3853 728 3902 9.
750 3845 913 3902 acceptum:
934 3845 965 3889 ut
984 3845 1143 3903 acceptum.
1161 3838 1194 3890 C.
1212 3867 1243 3876 -
1259 3852 1301 3890 11.
1316 3845 1345 3890 et
1365 3837 1472 3890 luceat:
1488 3837 1548 3889 elu-

340 3928 410 3972 ceat.
434 3921 467 3973 C.
494 3948 529 3956 -
556 3934 598 3982 13.
618 3916 689 3970 sibi:
708 3923 795 3985 super
819 3917 870 3971 lin.
896 3933 1011 3970 crurum
1034 3917 1085 3971 eis
1110 3949 1142 3956 —
1173 3921 1215 3971 16.
1236 3917 1264 3969 hi
1285 3933 1362 3971 corr.
1383 3933 1423 3970 ex
1442 3915 1491 3969 hii.
1513 3947 1547 3955 -

343 4005 385 4053 18.
405 4015 539 4053 munere:
561 4016 577 4051 e
596 4015 622 4051 2.
643 4015 728 4050 manu
747 3997 831 4052 dudio
860 3997 1028 4064 inscriptum
1047 3998 1078 4050 in
1097 3998 1104 4050 i
1125 3997 1227 4052 abraso
1245 4015 1302 4065 seq.
1323 4015 1347 4051 a.
1368 4029 1401 4036 -
1422 4014 1465 4052 20.
1496 3996 1547 4049 im-

340 4080 448 4149 parl'es]
475 4096 498 4134 1.
526 4095 582 4132 mo.
603 4077 694 4144 inpar,
716 4095 772 4133 ura.
787 4082 895 4145 poster.
923 4080 987 4132 odd.
1009 4079 1100 4145 ipost
1123 4080 1198 4133 rscd
1214 4080 1352 4138 rnendose,
1371 4095 1460 4145 quare
1484 4093 1547 4130 cor-

340 4162 470 4215 reximus
488 4159 678 4212 sudstr'tuendo
697 4160 765 4230 [eal.
788 4189 820 4198 -
842 4175 885 4211 22.
905 4158 1163 4212 sanctificationum
1191 4159 1322 4213 omnium
1344 4167 1457 4212 auctor:
1484 4175 1546 4210 sau-

339 4242 475 4296 ctilicator
494 4239 636 4294 omnium.
657 4241 690 4293 C.

265 4467 374 4540 polens
388 4463 477 4521 Deus
492 4471 550 4521 etc.
597 4453 651 4536 ll)
669 4458 740 4518 Hoc
756 4457 825 4518 loco
847 4459 921 4520 Ord.
942 4459 1033 4518 Rom.
1059 4456 1148 4518 addit
1171 4477 1254 4537 quae
1276 4458 1316 4518 ad
1342 4456 1544 4519 traditionem

271 4559 400 4620 vestitus
423 4555 626 4619 sacerdotalis
653 4555 832 4635 pertinent:
860 4557 915 4618 sed
944 4557 1021 4618 haec
1043 4557 1072 4616 A
1096 4554 1202 4616 omisit
1225 4575 1296 4616 cum
1322 4555 1402 4625 Gel,
1427 4555 1548 4616 addens

271 4669 374 4718 tamen
399 4656 488 4728 inlra,
514 4667 549 4716 ut
571 4653 754 4716 coronidem
786 4654 884 4716 totius
914 4653 1043 4727 ordinis,
1074 4663 1183 4733 utpote
1213 4651 1396 4715 recentioris
1427 4652 1548 4714 institu-

271 4754 373 4826 tionis
392 4753 643 4816 benedictionem
668 4773 741 4814 cum
757 4753 894 4814 traditur
917 4753 1033 4824 casula,
1052 4765 1083 4814 et
1099 4751 1366 4814 consecrationem
1384 4771 1545 4814 manuum.

315 4875 365 4931 3¹·
391 4853 470 4914 Ord.
497 4853 589 4913 Rom.
619 4872 689 4928 104,
715 4850 785 4916 Gel.
812 4871 874 4930 514
898 4853 979 4930 (24),
1025 4853 1088 4912 lur.
1115 4871 1189 4928 413,
1216 4850 1303 4912 Miss.
1335 4851 1446 4912 Franc.
1472 4855 1545 4922 668,

272 4954 362 5014 Mart.
388 4951 468 5014 Ord.
494 4950 534 5022 ΙΙ,
561 4949 617 5020 ΙΙΙ,
645 4950 698 5020 lV,
724 4950 763 5010 V.

315 5071 365 5127 32.
391 5049 469 5111 Ord.
496 5049 588 5109 Rom.
619 5068 688 5125 104,
714 5047 784 5109 Gel.
811 5069 874 5128 5¹4
898 5053 978 5128 (24),
1006 5051 1088 5110 Mur.
1115 5067 1188 5125 414,
1215 5055 1288 5124 428,
1319 5046 1407 5108 Miss
1435 5047 1545 5108 Franc.

272 5153 343 5220 668,
370 5149 461 5209 Mart.
488 5145 565 5208 Ord.
593 5145 632 5217 ll,
660 5146 716 5218 Ill,
744 5147 798 5217 IV,
825 5149 862 5210 V.
