4084 6128
764 520 1043 576 INTRODUCTIO
1490 533 1544 573 x111

266 787 303 844 et
319 769 433 842 lllarci
449 769 612 865 pressius
627 767 731 864 sequi
750 767 952 863 liturgiam
969 763 1265 850 Occidentalem;
1283 763 1384 836 illum
1395 763 1496 837 Pauli
1510 779 1548 837 et

268 897 389 969 Lucae
406 893 633 978 Orientales;
651 892 732 966 illos
750 909 901 966 cunctas
916 892 1051 964 referre
1068 892 1101 964 in
1118 891 1396 965 consecratione
1411 890 1543 974 calicis,

266 1021 349 1094 licet
364 1022 537 1094 fusiorem
554 1019 718 1104 sormam,
738 1017 987 1091 Occidentalis
1003 1019 1228 1116 praesertim,
1247 1017 1418 1100 habeant,
1435 1043 1547 1113 quarn

267 1147 303 1218 in
327 1146 439 1219 sacris
458 1143 684 1220 auctoribus:
709 1143 874 1224 alterum,
897 1143 927 1214 si
956 1143 1045 1240 quid
1061 1143 1203 1238 opinor,
1230 1143 1265 1214 in
1281 1141 1361 1215 aliis
1382 1141 1548 1214 Canonis

269 1271 434 1367 partibus
458 1269 612 1342 sormam
632 1269 864 1354 severiorem,
886 1285 924 1341 et
943 1267 1144 1340 semiticam
1164 1267 1296 1340 alicubi
1318 1266 1548 1340 redolentem

267 1395 398 1469 offerre
418 1392 707 1478 Occidentalem‚
727 1394 845 1490 magis
865 1393 913 1466 ad
932 1417 1107 1490 graecum
1128 1392 1261 1487 stylum
1281 1392 1547 1467 conformatam

268 1536 305 1594 et
333 1518 602 1593 redundantem
630 1517 851 1596 Orientales,
887 1535 925 1590 et
960 1517 1027 1590 has
1062 1517 1252 1590 abundare
1288 1516 1378 1589 locis
1413 1518 1548 1590 Sacrae

269 1646 479 1740 Scripturae
499 1644 609 1716 etiam
631 1643 727 1714 Novi
752 1643 993 1728 Testamenti,
1015 1660 1143 1716 contra
1165 1668 1207 1715 ac
1227 1659 1284 1716 est
1304 1644 1338 1716 in
1370 1643 1550 1715 Occiden-

269 1773 342 1847 tali.
373 1770 545 1868 Apostoli
575 1795 664 1843 sane
683 1770 917 1865 defractione
927 1772 1041 1868 partis
1061 1772 1245 1844 nascentis
1266 1769 1453 1845 Ecclesiae
1473 1771 1549 1842 suis

269 1900 411 1996 scriptis
433 1892 597 1970 nondum
618 1896 777 1968 exaratis
805 1897 856 1969 uti
888 1897 1102 1993 nequibant.
1126 1898 1233 1992 Ipsae
1253 1897 1403 1993 quidem
1423 1921 1551 1970 conse-

269 2025 441 2098 crationis
465 2023 603 2095 lormae
626 2048 709 2094 cum
730 2022 773 2093 iis
792 2048 889 2118 quae.
917 2023 1084 2118 proxime
1105 2022 1331 2119 praecedunt
1358 2039 1396 2096 et
1424 2023 1549 2095 subse·

269 2167 432 2246 quuntur
460 2146 704 2244 Evangelicas
733 2166 771 2220 et
800 2147 901 2221 Pauli
932 2149 1160 2221 narrationes
1180 2148 1352 2232 referunt,
1375 2148 1441 2221 sed
1466 2164 1551 2221 sunt

270 2274 464 2372 pleniores
486 2273 588 2371 quod
606 2273 788 2369 originem
808 2274 1054 2370 antiquiorem
1070 2274 1284 2371 Evangeliis
1299 2291 1337 2347 et
1366 2273 1481 2347 Paulo
1501 2275 1551 2346 in-

270 2401 391 2473 dicare
410 2399 564 2472 videtur.
588 2398 749 2470 Pronum
772 2399 871 2473 enim
890 2398 964 2471 ulla
987 2416 1119 2495 postea
1137 2425 1183 2472 ex
1202 2399 1259 2472 his
1281 2401 1461 2482 omittere,
1484 2399 1551 2472 sed

271 2527 408 2600 addere
428 2525 506 2597 istis
525 2522 609 2620 quis
628 2540 759 2618 postea
773 2549 887 2597 ausus
907 2523 1059 2597 suisset?
1080 2525 1136 2596 Ex
1151 2523 1411 2598 concordantia
1426 2540 1551 2597 autem

272 2653 307 2724 in
337 2650 600 2747 principalibus
628 2675 712 2721 cum
732 2650 908 2724 varietate
932 2651 967 2722 in
988 2651 1130 2736 ceteris,
1152 2675 1249 2748 quae
1268 2667 1393 2724 tamen
1412 2667 1470 2723 est
1488 2675 1549 2748 ge-

273 2778 384 2850 nuina
397 2775 564 2860 accretio,
583 2799 657 2847 non
678 2775 865 2849 innovatio
885 2792 1070 2860 extranea,
1088 2775 1135 2848 ab
1155 2801 1228 2849 una
1248 2776 1366 2871 prima
1386 2777 1553 2874 Liturgia

272 2927 402 2975 omnes
430 2901 655 2998 processisse
686 2900 917 2973 inserendum
946 2900 1034 2973 mihi
1062 2901 1217 2975 videtur.

379 3027 438 3099 Ne
467 3043 590 3100 tamen
619 3024 734 3098 lector
762 3024 896 3098 iudicet
925 3050 984 3098 me
1012 3023 1106 3098 velle
1133 3024 1239 3099 alicui
1268 3025 1335 3100 has
1356 3051 1457 3099 meas
1476 3027 1553 3122 opi-

272 3153 402 3226 niones
430 3167 471 3223 ut
498 3167 597 3223 certa
616 3167 654 3223 et
668 3149 858 3246 explorata
876 3150 1091 3225 obtrudere:
1112 3175 1179 3240 eae
1198 3176 1245 3224 ex
1263 3177 1331 3224 usu
1354 3177 1427 3224 non
1448 3151 1553 3225 infre-

272 3277 397 3374 quenti
418 3275 546 3348 harum
566 3276 813 3372 Liturgiarum
829 3277 864 3350 in
881 3277 1043 3350 textibus
1056 3275 1297 3374 originalibus
1312 3294 1445 3373 sponte
1465 3278 1552 3351 mihi

272 3428 312 3475 se
340 3400 563 3487 obtulerunt,
594 3418 633 3474 et
651 3402 809 3497 prosero,
833 3420 873 3476 ut
893 3403 956 3501 qui
977 3428 1044 3498 per
1061 3403 1176 3475 otium
1200 3401 1310 3498 plene
1330 3405 1552 3502 investigare

273 3555 332 3602 res
360 3544 528 3624 possunt,
550 3528 748 3626 diligenter
775 3528 971 3625 inquirant.

378 3655 438 3728 De
466 3653 535 3727 hac
563 3670 688 3727 autem
725 3653 962 3750 inquisitione
996 3652 1070 3726 ulla
1105 3652 1212 3727 liceat
1246 3654 1552 3729 animadvertere.

274 3779 314 3851 ln
340 3778 477 3874 primis
499 3795 691 3851 auctorum
719 3778 767 3851 de
787 3779 897 3851 rebus
916 3777 1093 3876 liturgicis
1112 3778 1226 3853 libros
1246 3780 1454 3877 inspiciens
1479 3781 1553 3854 vidi

273 3929 347 3977 non
367 3929 450 3976 raro
470 3930 584 3976 unum
605 3919 691 4000 post
709 3903 865 3977 alterum
881 3904 1127 4001 antiquiorem
1142 3905 1350 3980 describere
1370 3931 1551 3980 securum.

273 4029 429 4101 Veteres
458 4053 547 4102 sane
577 4054 651 4136 non
681 4028 919 4124 despiciendi,
951 4029 1013 4126 qui
1043 4030 1139 4103 viam
1175 4049 1409 4127 aperuerunt,
1441 4057 1553 4129 quam

274 4152 411 4248 posteri
431 4151 571 4225 facilius
601 4152 857 4248 ingrediuntur
875 4169 912 4226 et
934 4171 1227 4250 prosequuntur;
1253 4155 1319 4227 sed
1340 4155 1387 4228 illi
1407 4155 1551 4229 delectu

274 4273 579 4347 documentorum
619 4273 846 4358 laborabant,
878 4300 975 4371 quae
1016 4275 1052 4347 in
1089 4274 1170 4348 dies
1198 4275 1270 4350 late
1299 4276 1493 4373 prodeunt,
1517 4293 1555 4348 et

274 4397 407 4472 iudicia
434 4423 531 4495 quae
562 4399 738 4484 ferebant,
771 4399 806 4472 in
841 4400 966 4474 multis
994 4399 1104 4496 plena
1138 4427 1223 4475 esse
1260 4427 1332 4474 non
1363 4417 1553 4498 poterant:

274 4522 330 4596 vel
359 4524 470 4598 etiam
502 4525 724 4598 aberrabant
750 4551 773 4600 a
806 4526 970 4611 veritate,
1002 4527 1042 4611 si,
1075 4543 1116 4600 ut
1151 4525 1246 4600 solet
1279 4526 1392 4602 homo
1425 4526 1488 4624 qui
1518 4527 1554 4598 in

275 4651 412 4725 incerto
445 4652 647 4725 consistere
683 4653 808 4738 nescit,
847 4677 892 4725 ex
928 4651 1150 4749 incompleta
1182 4652 1476 4725 testimoniorum
1505 4651 1556 4722 di-

276 4777 466 4850 scussione
488 4776 639 4873 plenum
661 4777 833 4850 iudicium
853 4776 1026 4850 volebant
1046 4779 1219 4874 prolerre.
1242 4777 1311 4850 Vel
1331 4778 1556 4851 inveteratae

277 4925 367 4998 ergo
395 4903 591 5000 opiniones
620 4928 715 4975 nova
744 4901 825 4976 luce
853 4903 1158 4976 documentorum
1187 4901 1442 4977 diiudicentur.

385 5029 522 5100 lterum
556 5045 700 5100 veteres
736 5044 773 5101 et
810 5029 893 5101 novi
928 5055 975 5100 ex
1008 5028 1137 5100 iisdem
1175 5028 1407 5102 documentis
1443 5055 1556 5126 saepe
