4078 6126
500 481 550 520 100
755 465 960 520 APPENDIX
979 465 1036 518 AD
1057 465 1324 518 PONTlFlCALE
1343 463 1454 516 SAEC.
1477 462 1518 515 IX

498 726 573 784 tate
601 711 768 784 eiusdem
797 712 956 810 Spiritus
985 712 1101 786 sancti
1130 737 1197 809 per
1224 711 1348 784 omnia
1368 707 1515 783 saecula
1534 706 1776 782 saeculorum.

497 835 632 911 Amen.

607 982 640 1054 7.
673 963 859 1037 Dominus
887 963 1087 1049 vobiscum,
1120 965 1278 1037 Etcum
1309 963 1437 1060 spiritu
1467 979 1542 1036 tuo.

605 1089 760 1162 Sursum
791 1090 913 1163 corda.
947 1089 1141 1163 Habemus
1171 1090 1219 1163 ad
1249 1091 1466 1163 Dominum.

451 1247 467 1298 5
604 1216 752 1290 Gratias
781 1241 937 1314 agamus
974 1215 1139 1288 Domino
1170 1217 1254 1289 Deo
1284 1232 1422 1290 nostro.
1460 1215 1628 1312 Dignum
1658 1231 1696 1290 et
1729 1215 1781 1288 iu-

497 1357 595 1416 stum
623 1358 691 1417 est.

604 1469 701 1541 Vere
729 1469 817 1565 quia
846 1468 1000 1564 dignum
1030 1485 1068 1542 et
1096 1469 1232 1541 iustum
1256 1484 1322 1553 est,
1353 1493 1513 1565 aequum
1542 1485 1581 1542 et
1608 1466 1779 1551 salutare,

498 1593 579 1666 Nos
599 1594 662 1666 tibi
678 1619 827 1690 semper
845 1592 902 1666 hic
917 1611 955 1667 et
973 1593 1112 1690 ubique
1130 1594 1269 1691 gratias
1296 1619 1419 1691 agere,
1451 1594 1613 1667 Domine
1642 1610 1779 1678 sancte,

499 1720 608 1791 Pater
635 1718 881 1814 omnipotens
912 1735 1064 1792 aeterne
1103 1720 1227 1803 DeuS,
1258 1744 1325 1814 per
1360 1718 1547 1792 Christum
1579 1719 1782 1792 Dominum

438 1883 470 1919 10
499 1859 681 1917 nostrum:
713 1845 775 1941 qui
795 1870 879 1917 cum
902 1845 1007 1917 Deus
1027 1861 1128 1917 esset
1147 1845 1184 1917 in
1204 1843 1325 1930 caelis,
1346 1844 1394 1918 ad
1414 1842 1573 1918 delenda
1592 1843 1782 1918 hominum

499 1987 650 2066 peccata
677 1970 870 2044 descendit
889 1971 925 2043 in
945 1985 1079 2056 terras;
1108 1987 1147 2043 et
1173 1971 1236 2067 qui
1266 1969 1467 2044 humanum
1487 1995 1609 2067 genus
1632 1987 1784 2043 venerat

498 2095 665 2180 liberare,
697 2113 886 2193 tamquam
915 2095 1098 2170 obnoxius
1118 2095 1273 2180 debitor,
1306 2096 1441 2170 inlicito
1464 2097 1583 2192 pretio
1611 2095 1783 2168 dominus

498 2247 521 2294 a
549 2247 655 2296 servo
684 2222 911 2308 distrahitur;
941 2238 979 2294 et
1007 2222 1069 2319 qui
1100 2219 1275 2317 Angelos
1298 2221 1444 2306 iudicat,
1470 2222 1506 2294 in
1537 2221 1698 2294 hominis
1725 2237 1784 2293 est

500 2346 634 2420 iudicio
663 2348 895 2432 constitutus
926 2363 967 2420 ut
985 2344 1184 2432 hominem,
1203 2371 1314 2443 quem
1335 2347 1415 2443 ipse
1432 2347 1576 2432 lecerat,
1598 2346 1646 2420 de
1666 2363 1784 2420 morte

439 2503 470 2553 15
499 2469 680 2546 liberaret.
712 2473 762 2544 Et
790 2472 873 2545 ideo
902 2498 985 2545 cum
1006 2470 1176 2568 Angelis.
1197 2470 1234 2568 l)

962 2597 1028 2676 'ln
1048 2623 1095 2669 ru
1124 2623 1303 2670 canonem.

556 2699 559 2705 ⁵
608 2726 642 2796 8.
675 2721 1002 2796 Communicantes
1031 2738 1069 2794 et
1096 2721 1196 2796 diem
1225 2723 1511 2796 sacratissimum
1538 2723 1779 2808 celebrantes

500 2873 576 2945 quo
596 2848 750 2920 traditus
769 2864 826 2921 est
846 2848 1031 2922 Dominus
1055 2863 1180 2921 noster
1201 2849 1305 2922 lesus
1325 2848 1504 2922 Christus.
1526 2849 1584 2922 Tu
1606 2876 1685 2936 nos,
1709 2850 1785 2922 Do·

501 2972 611 3058 mine,
629 2972 825 3068 participes
845 2973 925 3056 Filii
946 2973 1009 3058 tui,
1028 2989 1065 3046 tu
1087 2989 1278 3046 consortes
1298 2974 1402 3070 regni
1424 2975 1486 3058 tui,
1506 2990 1543 3046 tu
1566 2974 1704 3047 incolas
1722 2999 1784 3070 pa·

440 3127 474 3162 20
501 3096 622 3184 radisi,
641 3114 679 3171 tu
700 3096 933 3196 Angelorum
952 3099 1106 3171 comites
1128 3122 1212 3171 esse
1232 3098 1379 3184 iussisti,
1398 3100 1428 3170 si
1448 3115 1572 3172 tamen
1593 3097 1732 3173 inlaesa
1746 3116 1784 3172 et

502 3224 718 3298 intemerata
741 3224 814 3297 fide
833 3222 1001 3299 caelestis
1027 3223 1176 3297 militiae
1197 3242 1425 3299 sacramenta
1444 3250 1645 3298 servamus.
1669 3223 1783 3298 Haud

500 3350 590 3448 quid
618 3351 817 3449 desperare
844 3352 892 3424 de
925 3368 989 3424 tua
1023 3349 1273 3424 misericordia
1300 3377 1510 3448 possumus
1548 3351 1612 3449 qui
1641 3367 1783 3424 tantum

500 3503 636 3550 munus
663 3477 883 3573 accepimus
915 3492 956 3549 ut
983 3474 1094 3550 talem
1124 3477 1188 3548 tibi
1215 3475 1373 3550 hostiam
1393 3476 1525 3550 offerre
1547 3501 1780 3562 mereremur,

500 3627 635 3698 corpus
663 3602 800 3676 scilicet
834 3618 872 3676 et
906 3601 1127 3700 sanguinem
1159 3601 1311 3676 Domini
1348 3603 1461 3675 nostri
1494 3602 1602 3675 lhesu
1634 3601 1781 3686 Christi,

439 3771 471 3821 25
502 3729 577 3821 Qui
598 3755 639 3802 se
662 3755 729 3826 pro
757 3729 884 3801 mundi
914 3727 1168 3825 redemptione
1197 3729 1281 3823 piae
1310 3728 1357 3802 illi
1387 3755 1429 3802 ac
1449 3729 1684 3802 venerandae
1713 3745 1781 3801 tra-

500 3854 593 3926 didit
621 3854 802 3951 passioni;
833 3854 908 3946 Qui
939 3853 1092 3928 sormam
1122 3853 1285 3926 sacrificii
1314 3853 1441 3928 salutis
1470 3856 1645 3949 perennis
1674 3855 1783 3927 insti-

501 3995 622 4064 tuenS,
654 3977 812 4051 hostiam
842 4004 883 4053 se
919 3980 1059 4077 primus
1086 3977 1230 4074 optulit,
1262 3995 1300 4052 et
1327 3981 1467 4076 primus
1496 3979 1621 4053 docuit
1649 3981 1781 4055 offerri.

501 4102 578 4176 Sed
607 4120 646 4177 et
673 4104 888 4177 memoriam
915 4119 1147 4189 venerantes,
1192 4095 1238 4176 in
1257 4105 1384 4200 primis
1416 4105 1603 4204 gloriosae
1636 4132 1784 4204 semper

647 4369 688 4418 15·
709 4353 845 4420 Angelis:
868 4353 988 4420 Angelis
1007 4362 1035 4408 et
1055 4353 1253 4419 Archangelis‚
1274 4351 1335 4405 cod.
1356 4353 1448 4420 Berg.
1470 4385 1503 4392 -
1525 4357 1568 4406 18.
1590 4362 1701 4407 noster:
1723 4371 1779 4406 om.

572 4435 633 4490 cod.
654 4435 745 4502 Berg.
766 4465 798 4474 -
819 4451 863 4489 21.
883 4449 1047 4488 servamus:
1068 4449 1225 4497 servemus¹
1246 4433 1306 4486 cod.
1329 4433 1420 4500 Berg.

548 4683 578 4743 7.
603 4664 699 4726 Gerb.
726 4683 778 4743 73.
825 4659 859 4743 *)
877 4665 927 4726 De
942 4663 1086 4744 partibus
1101 4663 1324 4725 communibus
1339 4673 1371 4724 et
1387 4661 1524 4742 propriis
1539 4662 1670 4724 canonis
1688 4663 1784 4724 huius

504 4761 621 4824 Missae
644 4763 740 4824 seriae
762 4763 792 4823 V
817 4761 849 4824 in
867 4763 974 4824 Coena
999 4760 1140 4832 Domini,
1157 4761 1280 4824 erudite
1299 4761 1449 4822 disseruit
1472 4763 1560 4822 Docl.
1576 4763 1619 4822 Α.
1643 4762 1782 4832 Cerr'am',

504 4862 628 4923 Nomia
651 4863 780 4940 Liturg.
799 4863 954 4932 Ambros„
972 4881 1002 4940 p.
1032 4866 1069 4922 18
1094 4872 1126 4921 et
1149 4880 1224 4940 seq„
1241 4880 1334 4940 quem
1360 4870 1484 4938 oportet
1502 4858 1599 4930 adire,
1625 4879 1665 4919 ne
1687 4858 1786 4922 lector

504 4958 682 5040 decipiatur
697 4959 895 5038 argumentis
910 4981 929 5021 a
946 4957 1131 5029 Muratori0‚
1151 4958 1272 5037 Liturg.
1290 4959 1384 5018 Rom.
1408 4977 1469 5034 130
1492 4967 1523 5016 et
1547 4977 1645 5036 seqq.,
1669 4955 1783 5019 allatis.

551 5064 580 5119 8·
605 5056 675 5119 Gel·
701 5075 764 5136 553
788 5059 868 5136 (67).
894 5058 989 5120 Gerb·
1016 5076 1069 5135 73·
